
@report{aboutGenocidePersecutionRoma2016,
  type = {Research Report},
  title = {The {{Genocide}} and {{Persecution}} of {{Roma}} and {{Sinti}}. {{Bibliography}} and {{Historiographical Review}},},
  author = {About, Ilsen and Abakunova, Anna},
  date = {2016},
  pages = {139},
  institution = {{International Holocaust and Remembrance Alliance}},
  url = {https://hal.archives-ouvertes.fr/hal-02529522},
  urldate = {2022-08-17},
  keywords = {Contexte},
  file = {C\:\\Users\\jvbob\\Zotero\\storage\\CRUG87FR\\About et Abakunova - 2016 - The Genocide and Persecution of Roma and Sinti. Bi.pdf}
}
% == BibLateX quality report for aboutGenocidePersecutionRoma2016:
% ? Title looks like it was stored in title-case in Zotero
% ? unused Library catalog ("HAL Archives Ouvertes")

@article{achimDeportationRromsTransnistrie2016,
  title = {La déportation des Rroms en Transnistrie, les données principales},
  author = {Achim, Viorel},
  date = {2016},
  journaltitle = {Études Tsiganes},
  shortjournal = {Études Tsiganes},
  volume = {56--57},
  number = {1-2},
  pages = {66--89},
  publisher = {{FNASAT}},
  location = {{Paris}},
  issn = {0014-2247},
  doi = {10.3917/tsig.056.0066},
  url = {https://www.cairn.info/revue-etudes-tsiganes-2016-1-2-page-66.htm},
  urldate = {2022-08-16},
  abstract = {Les persécutions des Roms en Europe centrale et orientale au cours de la Seconde Guerre mondiale sont connues mais jusqu’ici, peu documentées. D’importants travaux ont été réalisés au cours des cinquante dernières années. Mais ce qui reste à faire est énorme. Si les sources écrites existent, nombre de situations passées sous silence, oubliées ou négligemment énoncées dans les archives doivent encore faire l’objet d’investigations poussées. Or, celles-ci dépendent pour beaucoup de témoins directs qui disparaissent peu à peu. C’est dans ce contexte que l’organisation Yahad-In Unum et l’association tsigane Dignité Roms ont entrepris un travail d’investigation auprès des Roms qui vécurent la tragédie du génocide entre 1941 et 1944, en Europe de l’Est. Le dossier publié ici est le fruit d’une coopération entre ces organisations et la revue Études tsiganes. Il offre d’abord un éclairage historique et juridique sur la politique menée par les nazis à l’encontre des Roms, propose ensuite diverses contributions sur la déportation par les autorités roumaines des Roms roumains vers la Transnistrie et un éventail d’investigations plus localisées sur les massacres perpétrés par les Einsatzgruppen et d'autres unités en Russie, en Ukraine, en Biélorussie, dans les pays Baltes et en Pologne.},
  langid = {french},
  keywords = {Contexte},
  file = {C\:\\Users\\jvbob\\Zotero\\storage\\UE6EKXG7\\revue-etudes-tsiganes-2016-1-page-66.html}
}
% == BibLateX quality report for achimDeportationRromsTransnistrie2016:
% Unexpected field 'publisher'
% Unexpected field 'location'
% ? unused Library catalog ("Cairn.info")

@book{achimRomaRomanianHistory2004,
  title = {The {{Roma}} in {{Romanian History}}},
  author = {Achim, Viorel},
  date = {2004},
  publisher = {{Central European University Press}},
  location = {{Budapest, HUNGARY}},
  url = {http://ebookcentral.proquest.com/lib/univpsl-ebooks/detail.action?docID=3137208},
  urldate = {2022-08-17},
  abstract = {One of the greatest challenges during the enlargement process of the European Union towards the east is how the issue of the Roma or Gypsies is tackled. This ethnic minority group represents a much higher share by numbers, too, in some regions going above 20\% of the population. This enormous social and political problem cannot be solved without proper historical studies like this book, the most comprehensive history of Gypsies in Romania. It is based on academic research, synthesizing the entire historical Romanian and foreign literature concerning this topic, and using lot of information from the archives. The main focus is laid on the events of the greatest consequence. Special attention is devoted to aspects linked to the long history of the Gypsies, such as slavery, the process of integration and assimilation into the majority population, as well as the marginalization of Gypsies, which has historic roots. The process of emancipation of Gypsies in the mid-19th century receives due treatment. The deportation of Gypsies to Transnistria during the Antonescu regime, between 1942-1944, is reconstructed in a special chapter. The closing chapters elaborate on the policy toward Gypsies in the decades after the Second World War that explain for the latest developments and for the situation of this population in today's Romania.},
  isbn = {978-615-5053-93-1},
  keywords = {Contexte},
  file = {C\:\\Users\\jvbob\\Zotero\\storage\\SCHLLYLB\\detail.html}
}
% == BibLateX quality report for achimRomaRomanianHistory2004:
% ? Title looks like it was stored in title-case in Zotero
% ? unused Library catalog ("ProQuest Ebook Central")

@online{AlgorithmeEsperancemaximisation2022,
  title = {Algorithme espérance-maximisation},
  date = {2022-03-01T14:15:57Z},
  url = {https://fr.wikipedia.org/w/index.php?title=Algorithme_esp%C3%A9rance-maximisation&oldid=191518930},
  urldate = {2022-09-05},
  langid = {french},
  organization = {{Wikipédia}},
  keywords = {Tech},
  annotation = {Page Version ID: 191518930},
  file = {C\:\\Users\\jvbob\\Zotero\\storage\\MRVCC3YD\\Algorithme_espérance-maximisation.html}
}

@online{AlgorithmeHongrois2022,
  title = {Algorithme hongrois},
  date = {2022-07-08T14:19:19Z},
  url = {https://fr.wikipedia.org/w/index.php?title=Algorithme_hongrois&oldid=195166805},
  urldate = {2022-09-05},
  langid = {french},
  organization = {{Wikipédia}},
  keywords = {Tech},
  annotation = {Page Version ID: 195166805},
  file = {C\:\\Users\\jvbob\\Zotero\\storage\\PSV5IMPH\\Algorithme_hongrois.html}
}

@article{ananthakrishnaEliminatingFuzzyDuplicates2002a,
  title = {Eliminating {{Fuzzy Duplicates}} in {{Data Warehouses}}},
  author = {Ananthakrishna, Rohit and Chaudhuri, Surajit and Ganti, Venkatesh},
  date = {2002-08-02},
  issn = {9781558608696},
  doi = {10.1016/B978-155860869-6/50058-5}
}
% == BibLateX quality report for ananthakrishnaEliminatingFuzzyDuplicates2002a:
% Missing required field 'journaltitle'
% 'issn': not a valid ISSN
% ? Title looks like it was stored in title-case in Zotero
% ? unused Library catalog ("ResearchGate")

@article{anastasoaieRomaGypsiesHistory2003,
  title = {Roma/{{Gypsies}} in the {{History}} of {{Romania}}: {{An Old Challenge}} for {{Romanian Historiography}}},
  shorttitle = {Roma/{{Gypsies}} in the {{History}} of {{Romania}}},
  author = {Anastasoaie, Marian Viorel},
  date = {2003-05-01},
  journaltitle = {Romanian Journal of Society and Politics, Vol. 3, no. 1},
  url = {https://www.academia.edu/2534874/Roma_Gypsies_in_the_History_of_Romania_An_Old_Challenge_for_Romanian_Historiography},
  urldate = {2022-08-18},
  langid = {english},
  keywords = {Contexte},
  file = {C\:\\Users\\jvbob\\Zotero\\storage\\APTEYJXV\\Roma_Gypsies_in_the_History_of_Romania_An_Old_Challenge_for_Romanian_Historiography.html}
}
% == BibLateX quality report for anastasoaieRomaGypsiesHistory2003:
% ? Possibly abbreviated journal title Romanian Journal of Society and Politics, Vol. 3, no. 1
% ? Title looks like it was stored in title-case in Zotero
% ? unused Library catalog ("www.academia.edu")

@online{ApprentissageAutomatique2022,
  title = {Apprentissage automatique},
  date = {2022-09-02T13:10:43Z},
  url = {https://fr.wikipedia.org/w/index.php?title=Apprentissage_automatique&oldid=196639745},
  urldate = {2022-09-05},
  langid = {french},
  organization = {{Wikipédia}},
  keywords = {Tech},
  annotation = {Page Version ID: 196639745},
  file = {C\:\\Users\\jvbob\\Zotero\\storage\\3FDYZXVN\\Apprentissage_automatique.html}
}

@online{ApprentissageNonSupervise2022,
  title = {Apprentissage non supervisé},
  date = {2022-05-01T19:30:42Z},
  url = {https://fr.wikipedia.org/w/index.php?title=Apprentissage_non_supervis%C3%A9&oldid=193330757},
  urldate = {2022-09-05},
  langid = {french},
  organization = {{Wikipédia}},
  keywords = {Tech},
  annotation = {Page Version ID: 193330757},
  file = {C\:\\Users\\jvbob\\Zotero\\storage\\SSCLTWIT\\Apprentissage_non_supervisé.html}
}

@online{ApprentissageParRenforcement2022,
  title = {Apprentissage par renforcement},
  date = {2022-06-21T16:32:34Z},
  url = {https://fr.wikipedia.org/w/index.php?title=Apprentissage_par_renforcement&oldid=194726951},
  urldate = {2022-09-05},
  langid = {french},
  organization = {{Wikipédia}},
  keywords = {Tech},
  annotation = {Page Version ID: 194726951},
  file = {C\:\\Users\\jvbob\\Zotero\\storage\\9TURHEFX\\Apprentissage_par_renforcement.html}
}

@online{ApprentissageSupervise2022,
  title = {Apprentissage supervisé},
  date = {2022-05-17T10:49:13Z},
  url = {https://fr.wikipedia.org/w/index.php?title=Apprentissage_supervis%C3%A9&oldid=193754326},
  urldate = {2022-09-05},
  langid = {french},
  organization = {{Wikipédia}},
  keywords = {Tech},
  annotation = {Page Version ID: 193754326},
  file = {C\:\\Users\\jvbob\\Zotero\\storage\\SWCLHIPQ\\Apprentissage_supervisé.html}
}

@book{arielRecordLinkageHealth2015,
  title = {Record Linkage in Health Data: A Simulation Study},
  shorttitle = {Record Linkage in Health Data},
  author = {Ariel, A. and Bakker, B.F.M. and de Groot, M. and van Grootheest, G. and van der Laan, J. and Smit, J. and Verkerk, B.},
  date = {2015},
  publisher = {{Statistics Netherlands}},
  location = {{The Hague}}
}
% == BibLateX quality report for arielRecordLinkageHealth2015:
% ? unused Library catalog ("Vrije Universiteit Amsterdam")

@article{asseoAvenementPolitiqueRoms2005,
  title = {L'avènement politique des Roms (Tsiganes) et le génocide. La construction mémorielle en Allemagne et en France},
  shorttitle = {L'avènement politique des Roms (Tsiganes) et le génocide},
  author = {Asséo, Henriette},
  date = {2005},
  journaltitle = {Le Temps des médias},
  shortjournal = {Le Temps des médias},
  volume = {5},
  number = {2},
  pages = {78--91},
  publisher = {{Nouveau Monde éditions}},
  location = {{Paris}},
  issn = {1764-2507},
  doi = {10.3917/tdm.005.0078},
  url = {https://www.cairn.info/revue-le-temps-des-medias-2005-2-page-78.htm},
  urldate = {2022-08-21},
  abstract = {La question de la mémoire est devenue centrale pour les historiens, mais aussi pour les spécialistes d'autres sciences humaines, interrogeant les spécificités des génocides du XXè siècle. Si les études sur le rôle des témoignages, sur les initiatives privées ou l'action publique ont fait avancer la connaissance, la place des médias dans la construction de la mémoire n'a guère été valorisée. Elle est, pourtant tout à fait déterminante. Le présent numéro se propose précisément d'insister sur le poids et l'impact des outils médiatiques, compris au sens le plus large (presse écrite et audiovisuelle, cinéma, musées, multiples formes de l'image), dans le processus d'élaboration de la mémoire collective et les débats qu'elle suscite dans l'espace public. Incitant le lecteur à la réflexion comparative, le dossier, s'il s'articule sur la question matricielle de la Shoah, s'intéresse de près aux singularités des génocides arménien, tsigane, cambodgien ou rwandais.},
  langid = {french},
  keywords = {Contexte},
  file = {C\:\\Users\\jvbob\\Zotero\\storage\\DLJZEBK7\\revue-le-temps-des-medias-2005-2-page-78.html}
}
% == BibLateX quality report for asseoAvenementPolitiqueRoms2005:
% Unexpected field 'publisher'
% Unexpected field 'location'
% ? unused Library catalog ("Cairn.info")

@article{bakhtouchiDataReconciliationFusion2020,
  title = {Data Reconciliation and Fusion Methods: A Survey},
  shorttitle = {Data Reconciliation and Fusion Methods},
  author = {Bakhtouchi, Abdelghani},
  date = {2020-01-01},
  journaltitle = {Applied Computing and Informatics},
  volume = {18},
  number = {3/4},
  pages = {182--194},
  publisher = {{Emerald Publishing Limited}},
  issn = {2210-8327},
  doi = {10.1016/j.aci.2019.07.001},
  url = {https://doi.org/10.1016/j.aci.2019.07.001},
  urldate = {2022-09-04},
  file = {C\:\\Users\\jvbob\\Zotero\\storage\\V3L23GV4\\Bakhtouchi - 2020 - Data reconciliation and fusion methods a survey.pdf}
}
% == BibLateX quality report for bakhtouchiDataReconciliationFusion2020:
% Unexpected field 'publisher'
% ? unused Library catalog ("Emerald Insight")

@article{beckOriginsGipsySlavery1989,
  title = {The Origins of Gipsy Slavery in {{Romania}}},
  author = {Beck, Sam},
  date = {1989},
  journaltitle = {Dialectical Anthropology},
  volume = {14},
  number = {1},
  eprint = {29790296},
  eprinttype = {jstor},
  pages = {53--61},
  publisher = {{Springer}},
  issn = {0304-4092},
  keywords = {Contexte}
}
% == BibLateX quality report for beckOriginsGipsySlavery1989:
% Unexpected field 'publisher'

@article{benjaminPolitiqueAntijuiveRegime2011,
  title = {La politique antijuive du régime Antonescu (1940-1944) relative aux juifs de l’ancien royaume et du sud de la Transylvanie},
  author = {Benjamin, Lya},
  translator = {Rota, Andreea},
  date = {2011},
  journaltitle = {Revue d’Histoire de la Shoah},
  shortjournal = {Revue d’Histoire de la Shoah},
  volume = {194},
  number = {1},
  pages = {27--62},
  publisher = {{Mémorial de la Shoah}},
  location = {{Paris}},
  issn = {2111-885X},
  doi = {10.3917/rhsho.194.0027},
  url = {https://www.cairn.info/revue-revue-d-histoire-de-la-shoah-2011-1-page-27.htm},
  urldate = {2022-08-23},
  langid = {french},
  keywords = {Contexte},
  file = {C\:\\Users\\jvbob\\Zotero\\storage\\Q4XEKEKS\\revue-revue-d-histoire-de-la-shoah-2011-1-page-27.html}
}
% == BibLateX quality report for benjaminPolitiqueAntijuiveRegime2011:
% Unexpected field 'publisher'
% Unexpected field 'location'
% ? unused Library catalog ("Cairn.info")

@article{blasenNominationCabinetGoga2018,
  title = {De La Nomination Du Cabinet {{Goga}} Au Coup {{dʼÉtat}} Du Roi {{Carol II}} (28 Décembre 1937 - 10 Février 1938)},
  author = {Blasen, Philippe Henri},
  date = {2018},
  journaltitle = {Studia Universitatis Babeș-Bolyai Historia},
  volume = {63},
  number = {2},
  pages = {111},
  issn = {1220-0492},
  url = {https://www.academia.edu/38211581/De_la_nomination_du_cabinet_Goga_au_coup_d%CA%BC%C3%89tat_du_roi_Carol_II_28_d%C3%A9cembre_1937_10_f%C3%A9vrier_1938_},
  urldate = {2022-08-23},
  abstract = {The article deals with the history of the short-lived Goga cabinet and of King Carol IIʼs coup. It focuses, first, on Carol IIʼs reasons for appointing the cabinet. Second, it describes the governmentʼs populist anti-Semitic, anti-minorities and},
  langid = {english},
  keywords = {Contexte},
  file = {C\:\\Users\\jvbob\\Zotero\\storage\\6B62GDKQ\\De_la_nomination_du_cabinet_Goga_au_coup_dʼÉtat_du_roi_Carol_II_28_décembre_1937_10_février.html}
}
% == BibLateX quality report for blasenNominationCabinetGoga2018:
% ? unused Library catalog ("www.academia.edu")

@book{castellanHistoirePeupleRoumain2002,
  title = {Histoire Du Peuple Roumain},
  author = {Castellan, Georges},
  date = {2002},
  publisher = {{Armeline}},
  location = {{Crozon}},
  isbn = {978-2-910878-19-1},
  pagetotal = {388},
  keywords = {Contexte,Roumanie}
}
% == BibLateX quality report for castellanHistoirePeupleRoumain2002:
% ? unused Call number ("DR217 .C339 2002")
% ? unused Library catalog ("Library of Congress ISBN")

@inproceedings{cheinSudocADKnowledgeBasedSystem2014,
  title = {{{SudocAD}}: {{A Knowledge-Based System}} for the {{Author Linkage Problem}}},
  shorttitle = {{{SudocAD}}},
  booktitle = {Knowledge and {{Systems Engineering}}},
  author = {Chein, Michel and Leclère, Michel and Nicolas, Yann},
  editor = {Huynh, Van Nam and Denoeux, Thierry and Tran, Dang Hung and Le, Anh Cuong and Pham, Son Bao},
  date = {2014},
  series = {Advances in {{Intelligent Systems}} and {{Computing}}},
  pages = {65--83},
  publisher = {{Springer International Publishing}},
  location = {{Cham}},
  doi = {10.1007/978-3-319-02741-8_8},
  isbn = {978-3-319-02741-8},
  langid = {english},
  file = {C\:\\Users\\jvbob\\Zotero\\storage\\JZPWIYV9\\Chein et al. - 2014 - SudocAD A Knowledge-Based System for the Author L.pdf}
}
% == BibLateX quality report for cheinSudocADKnowledgeBasedSystem2014:
% ? Unsure about the formatting of the booktitle
% ? Title looks like it was stored in title-case in Zotero
% ? unused Library catalog ("Springer Link")

@article{chiriacMihailKogalniceanuHistorical2020,
  title = {Mihail {{Kogălniceanu}}’s {{Historical Inquiry}} into the {{Question}} of {{Roma Slavery}} in {{Mid-Nineteenth-Century Romanian Principalities}}},
  author = {Chiriac, Bogdan},
  date = {2020-12-02},
  journaltitle = {Critical Romani Studies},
  shortjournal = {Critical Romani Studies},
  volume = {2},
  pages = {24--41},
  doi = {10.29098/crs.v2i2.64},
  abstract = {This article examines Ochire istorică asupra sclăviei (A brief historical survey of slavery), a mid-nineteenth-century pioneering study about the history of slavery, to ascertain the growing influence of anti-slavery ideas in the framing of the new Romantic historical discourse about Roma slavery in the Romanian principalities. The study, written by the leading Romanian historian, writer, journalist, and liberal statesman Mihail Kogălniceanu (1817–1891), was published in 1853 in a censored edition and has received only limited scholarly attention due to its incomplete form (the full version of the original article has yet to be published). The present paper intends to provide a critical reflection on the main features of Kogălniceanu’s analysis of the institution of slavery in the Romanian principalities by exploring the author’s multilayered interest in the question of Roma slavery, his command of primary sources, and the underlying historical interpretation and social doctrines that framed his investigation.},
  keywords = {Contexte},
  file = {C\:\\Users\\jvbob\\Zotero\\storage\\TNV9ATMG\\Chiriac - 2020 - Mihail Kogălniceanu’s Historical Inquiry into the .pdf}
}
% == BibLateX quality report for chiriacMihailKogalniceanuHistorical2020:
% ? Title looks like it was stored in title-case in Zotero
% ? unused Library catalog ("ResearchGate")

@inproceedings{christenComparisonPersonalName2006,
  title = {A {{Comparison}} of {{Personal Name Matching}}: {{Techniques}} and {{Practical Issues}}},
  shorttitle = {A {{Comparison}} of {{Personal Name Matching}}},
  booktitle = {Sixth {{IEEE International Conference}} on {{Data Mining}} - {{Workshops}} ({{ICDMW}}'06)},
  author = {Christen, Peter},
  date = {2006-12},
  pages = {290--294},
  issn = {2375-9259},
  doi = {10.1109/ICDMW.2006.2},
  eventtitle = {Sixth {{IEEE International Conference}} on {{Data Mining}} - {{Workshops}} ({{ICDMW}}'06)},
  file = {C\:\\Users\\jvbob\\Zotero\\storage\\4KVYFBW6\\Christen - 2006 - A Comparison of Personal Name Matching Techniques.pdf;C\:\\Users\\jvbob\\Zotero\\storage\\IQWBIN3Y\\4063641.html}
}
% == BibLateX quality report for christenComparisonPersonalName2006:
% Unexpected field 'issn'
% ? Unsure about the formatting of the booktitle
% ? Title looks like it was stored in title-case in Zotero
% ? unused Library catalog ("IEEE Xplore")

@book{christenDataMatchingConcepts2012,
  title = {Data Matching: Concepts and Techniques for Record Linkage, Entity Resolution, and Duplicate Detection},
  shorttitle = {Data Matching},
  author = {Christen, Peter},
  date = {2012},
  publisher = {{Springer}},
  location = {{Berlin ; New York}},
  isbn = {978-3-642-31163-5},
  pagetotal = {270}
}
% == BibLateX quality report for christenDataMatchingConcepts2012:
% ? unused Call number ("QA76.9.D3 C488 2012")
% ? unused Library catalog ("Library of Congress ISBN")

@book{christenLinkingSensitiveData2021a,
  title = {Linking {{Sensitive Data}}},
  author = {Christen, Peter},
  date = {2021},
  publisher = {{Springer}},
  url = {https://link.springer.com/book/10.1007/978-3-030-59706-1},
  urldate = {2022-08-26},
  isbn = {978-3-030-59708-5},
  langid = {english},
  file = {C\:\\Users\\jvbob\\Zotero\\storage\\5P44FCUM\\978-3-030-59706-1.html}
}
% == BibLateX quality report for christenLinkingSensitiveData2021a:
% ? Title looks like it was stored in title-case in Zotero
% ? unused Library catalog ("link.springer.com")

@article{christensenMethodRecordLinkage1958,
  title = {I. {{The Method}} of {{Record Linkage Applied}} to {{Family Data}}},
  author = {Christensen, Harold T.},
  date = {1958},
  journaltitle = {Marriage and Family Living},
  volume = {20},
  number = {1},
  eprint = {347362},
  eprinttype = {jstor},
  pages = {38--43},
  publisher = {{[National Council on Family Relations, Wiley]}},
  issn = {0885-7059},
  doi = {10.2307/347362},
  file = {C\:\\Users\\jvbob\\Zotero\\storage\\TU2DHT3M\\Christensen - 1958 - I. The Method of Record Linkage Applied to Family .pdf}
}
% == BibLateX quality report for christensenMethodRecordLinkage1958:
% Unexpected field 'publisher'
% ? Title looks like it was stored in title-case in Zotero

@article{christenSurveyIndexingTechniques2012,
  title = {A {{Survey}} of {{Indexing Techniques}} for {{Scalable Record Linkage}} and {{Deduplication}}},
  author = {Christen, Peter},
  date = {2012},
  journaltitle = {IEEE Transactions on Knowledge and Data Engineering},
  volume = {24},
  number = {9},
  pages = {1537},
  issn = {1041-4347},
  url = {https://www.academia.edu/8358307/A_Survey_of_Indexing_Techniques_for_Scalable_Record_Linkage_and_Deduplication},
  urldate = {2022-09-02},
  abstract = {A Survey of Indexing Techniques for Scalable Record Linkage and Deduplication},
  langid = {english}
}
% == BibLateX quality report for christenSurveyIndexingTechniques2012:
% ? Title looks like it was stored in title-case in Zotero
% ? unused Library catalog ("www.academia.edu")

@online{ComparisonTextDistance,
  title = {Comparison of the {{Text Distance Metrics}}},
  url = {https://activewizards.com/blog/comparison-of-the-text-distance-metrics/},
  urldate = {2022-08-31},
  abstract = {This article discusses and compares different approaches of how to compare two text strings.},
  langid = {english},
  organization = {{ActiveWizards: data science and engineering lab}},
  file = {C\:\\Users\\jvbob\\Zotero\\storage\\8JA82F5K\\comparison-of-the-text-distance-metrics.html}
}
% == BibLateX quality report for ComparisonTextDistance:
% Exactly one of 'date' / 'year' must be present
% ? Title looks like it was stored in title-case in Zotero

@incollection{coquioTsiganesEurope2014,
  title = {Les Tsiganes et l’Europe},
  booktitle = {Roms, Tsiganes, Nomades},
  author = {Coquio, Catherine and Poueyto, Jean-Luc},
  date = {2014},
  pages = {7--60},
  publisher = {{Karthala}},
  doi = {10.3917/kart.coqu.2014.01.0007},
  isbn = {978-2-8111-1123-6},
  langid = {fre},
  keywords = {Test}
}
% == BibLateX quality report for coquioTsiganesEurope2014:
% Missing required field 'editor'
% ? Title looks like it was stored in title-case in Zotero
% ? unused Library catalog ("catalogue.explore.psl.eu")

@report{csopFinalReportQualitative2005,
  type = {report},
  title = {Final Report : Qualitative Survey (Focus Groups) Attitudes towards the {{Roma}} in {{Romania}}},
  shorttitle = {Final Report},
  author = {CSOP, TNS},
  date = {2005-07},
  journaltitle = {IB},
  institution = {{World Bank}},
  url = {https://tandis.odihr.pl/handle/20.500.12389/19969},
  urldate = {2022-08-18},
  abstract = {http://siteresources.worldbank.org/INTROMA/Resources/RomaniaQualitativeReport.doc},
  langid = {english},
  keywords = {Contexte},
  annotation = {Accepted: 2018-05-21T10:54:41Z},
  file = {C\:\\Users\\jvbob\\Zotero\\storage\\7W3QPCRV\\19969.html}
}
% == BibLateX quality report for csopFinalReportQualitative2005:
% Unexpected field 'journaltitle'
% ? unused Library catalog ("tandis.odihr.pl")

@online{DatamatchingsoftwareListFree,
  title = {Data-Matching-Software: {{A}} List of Free Data Matching and Record Linkage Software.},
  url = {https://github.com/J535D165/data-matching-software},
  urldate = {2022-09-06},
  keywords = {Tech},
  file = {C\:\\Users\\jvbob\\Zotero\\storage\\5YG76JCI\\data-matching-software.html}
}
% == BibLateX quality report for DatamatchingsoftwareListFree:
% Exactly one of 'date' / 'year' must be present

@software{debruinPythonRecordLinkage2019,
  title = {Python {{Record Linkage Toolkit}}: {{A}} Toolkit for Record Linkage and Duplicate Detection in {{Python}}},
  shorttitle = {Python {{Record Linkage Toolkit}}},
  author = {De Bruin, J},
  date = {2019-12-01},
  doi = {10.5281/ZENODO.3559043},
  url = {https://zenodo.org/record/3559043},
  urldate = {2022-09-15},
  organization = {{Zenodo}},
  version = {v0.14},
  keywords = {Tech}
}
% == BibLateX quality report for debruinPythonRecordLinkage2019:
% ? unused Library catalog ("DOI.org (Datacite)")

@online{DistanceDamerauLevenshtein2020,
  title = {Distance de Damerau-Levenshtein},
  date = {2020-08-17T18:27:20Z},
  url = {https://fr.wikipedia.org/w/index.php?title=Distance_de_Damerau-Levenshtein&oldid=173905600},
  urldate = {2022-08-31},
  langid = {french},
  organization = {{Wikipédia}},
  keywords = {Tech},
  annotation = {Page Version ID: 173905600},
  file = {C\:\\Users\\jvbob\\Zotero\\storage\\83CPSF6P\\Distance_de_Damerau-Levenshtein.html}
}
% == BibLateX quality report for DistanceDamerauLevenshtein2020:
% ? Title looks like it was stored in title-case in Zotero

@online{DistanceJaroWinkler2021,
  title = {Distance de Jaro-Winkler},
  date = {2021-10-22T14:14:49Z},
  url = {https://fr.wikipedia.org/w/index.php?title=Distance_de_Jaro-Winkler&oldid=187349874},
  urldate = {2022-08-31},
  langid = {french},
  organization = {{Wikipédia}},
  keywords = {Tech},
  annotation = {Page Version ID: 187349874}
}
% == BibLateX quality report for DistanceJaroWinkler2021:
% ? Title looks like it was stored in title-case in Zotero

@online{DistanceLevenshtein2022,
  title = {Distance de Levenshtein},
  date = {2022-08-13T21:33:19Z},
  url = {https://fr.wikipedia.org/w/index.php?title=Distance_de_Levenshtein&oldid=196094248},
  urldate = {2022-08-31},
  langid = {french},
  organization = {{Wikipédia}},
  keywords = {Tech},
  annotation = {Page Version ID: 196094248},
  file = {C\:\\Users\\jvbob\\Zotero\\storage\\YBQ9QCEE\\Distance_de_Levenshtein.html}
}
% == BibLateX quality report for DistanceLevenshtein2022:
% ? Title looks like it was stored in title-case in Zotero

@article{dunnRecordLinkage1946,
  title = {Record {{Linkage}}},
  author = {Dunn, Halbert L.},
  date = {1946-12},
  journaltitle = {American Journal of Public Health and the Nations Health},
  shortjournal = {Am J Public Health Nations Health},
  volume = {36},
  number = {12},
  eprint = {18016455},
  eprinttype = {pmid},
  pages = {1412--1416},
  issn = {0002-9572},
  url = {https://www.ncbi.nlm.nih.gov/pmc/articles/PMC1624512/},
  urldate = {2022-08-25},
  pmcid = {PMC1624512},
  file = {C\:\\Users\\jvbob\\Zotero\\storage\\Y8FX5LPM\\Dunn - 1946 - Record Linkage.pdf}
}
% == BibLateX quality report for dunnRecordLinkage1946:
% Unexpected field 'pmcid'
% ? Title looks like it was stored in title-case in Zotero
% ? unused Library catalog ("PubMed Central")

@book{dupaquierHistoireDemographie1985,
  title = {Histoire de La Démographie},
  shorttitle = {Histoire de La Démographie},
  author = {Dupâquier, Jacques and Dupâquier, Michel},
  date = {1985-01-01},
  publisher = {{Perrin}},
  doi = {10.3917/perri.dupaq.1985.01},
  url = {https://cairn.info/histoire-de-la-demographie-1985--9782262003456.htm},
  urldate = {2022-08-26},
  isbn = {978-2-262-00345-6}
}
% == BibLateX quality report for dupaquierHistoireDemographie1985:
% ? unused Library catalog ("DOI.org (Crossref)")

@book{durandinHistoireRoumains1995,
  title = {Histoire Des Roumains},
  author = {Durandin, Catherine},
  date = {1995},
  publisher = {{Fayard}},
  location = {{Paris}},
  isbn = {978-2-213-59425-5},
  pagetotal = {573},
  keywords = {Contexte,Roumanie}
}
% == BibLateX quality report for durandinHistoireRoumains1995:
% ? unused Call number ("DR217 .D87 1995")
% ? unused Library catalog ("Library of Congress ISBN")

@online{EgaliteInclusionParticipation,
  type = {Text},
  title = {Égalité, inclusion et participation des Roms dans l’UE},
  url = {https://ec.europa.eu/info/policies/justice-and-fundamental-rights/combatting-discrimination/roma-eu/roma-equality-inclusion-and-participation-eu_fr},
  urldate = {2022-08-21},
  abstract = {Nouveau cadre stratégique pour l’égalité, l’inclusion et la participation des Roms dans les pays de l’UE et préparation de l’initiative pour l’après...},
  langid = {french},
  organization = {{Commission européenne - European Commission}},
  keywords = {Contexte},
  file = {C\:\\Users\\jvbob\\Zotero\\storage\\KGG8HBCQ\\roma-equality-inclusion-and-participation-eu_fr.html}
}
% == BibLateX quality report for EgaliteInclusionParticipation:
% Unexpected field 'type'
% Exactly one of 'date' / 'year' must be present

@article{fellegiTheoryRecordLinkage1969,
  title = {A {{Theory}} for {{Record Linkage}}},
  author = {Fellegi, Ivan P. and Sunter, Alan B.},
  date = {1969},
  journaltitle = {Journal of the American Statistical Association},
  volume = {64},
  number = {328},
  eprint = {2286061},
  eprinttype = {jstor},
  pages = {1183--1210},
  publisher = {{[American Statistical Association, Taylor \& Francis, Ltd.]}},
  issn = {0162-1459},
  doi = {10.2307/2286061},
  file = {C\:\\Users\\jvbob\\Zotero\\storage\\AFSCGAAL\\Fellegi et Sunter - 1969 - A Theory for Record Linkage.pdf}
}
% == BibLateX quality report for fellegiTheoryRecordLinkage1969:
% Unexpected field 'publisher'
% ? Title looks like it was stored in title-case in Zotero

@online{FichesInformationsHistoire,
  title = {Fiches d'informations sur l'histoire des Roms},
  url = {https://www.coe.int/fr/web/roma-and-travellers/roma-history-factsheets},
  urldate = {2022-08-19},
  langid = {french},
  organization = {{Roms et Gens du voyage}},
  keywords = {Contexte},
  file = {C\:\\Users\\jvbob\\Zotero\\storage\\WBZPDXGD\\roma-history-factsheets.html}
}
% == BibLateX quality report for FichesInformationsHistoire:
% Exactly one of 'date' / 'year' must be present

@online{FichierCentralArchives,
  title = {Fichier central. Archives nationales, carnet de recherche.},
  url = {https://labarchiv.hypotheses.org/tag/fichier-central},
  urldate = {2022-09-06},
  langid = {french},
  file = {C\:\\Users\\jvbob\\Zotero\\storage\\XQL3H6WG\\fichier-central.html}
}
% == BibLateX quality report for FichierCentralArchives:
% Exactly one of 'date' / 'year' must be present

@book{fraserGypsies1995,
  title = {The Gypsies},
  author = {Fraser, Angus M.},
  date = {1995},
  series = {The {{Peoples}} of {{Europe}}},
  edition = {2nd ed},
  publisher = {{Blackwell}},
  location = {{Oxford, UK ; Cambridge, USA}},
  isbn = {978-0-631-19605-1},
  pagetotal = {362},
  keywords = {Contexte}
}
% == BibLateX quality report for fraserGypsies1995:
% ? unused Call number ("DX115 .F72 1995")
% ? unused Library catalog ("Library of Congress ISBN")

@inproceedings{fuMultipleInstanceLearning2012,
  title = {M.: {{Multiple Instance Learning}} for {{Group Record Linkage}}},
  shorttitle = {M.},
  booktitle = {{{PAKDD}} 2012, {{Part I}}. {{LNCS}}},
  author = {Fu, Zhichun and Zhou, Jun and Christen, Peter and Boot, Mac},
  date = {2012},
  pages = {171--182},
  publisher = {{Springer}},
  file = {C\:\\Users\\jvbob\\Zotero\\storage\\4LB3XD48\\Fu et al. - 2012 - M. Multiple Instance Learning for Group Record Li.pdf;C\:\\Users\\jvbob\\Zotero\\storage\\DG42P5LB\\download.html}
}
% == BibLateX quality report for fuMultipleInstanceLearning2012:
% ? Unsure about the formatting of the booktitle
% ? Title looks like it was stored in title-case in Zotero
% ? unused Library catalog ("CiteSeer")

@online{GraphMatchingMethod,
  title = {A {{Graph Matching Method}} for {{Historical Census Household Linkage}} | {{SpringerLink}}},
  url = {https://link.springer.com/chapter/10.1007/978-3-319-06608-0_40},
  urldate = {2022-09-04},
  file = {C\:\\Users\\jvbob\\Zotero\\storage\\LYPVUDHN\\978-3-319-06608-0_40.html}
}
% == BibLateX quality report for GraphMatchingMethod:
% Exactly one of 'date' / 'year' must be present
% ? Title looks like it was stored in title-case in Zotero

@inproceedings{guhaMergingResultsApproximate2004,
  title = {Merging the {{Results}} of {{Approximate Match Operations}}},
  booktitle = {In {{VLDB}}},
  author = {Guha, Sudipto and Koudas, Nick and Marathe, Amit and Srivastava, Divesh},
  date = {2004},
  pages = {636--647},
  file = {C\:\\Users\\jvbob\\Zotero\\storage\\2QDKZR4Y\\Guha et al. - 2004 - Merging the Results of Approximate Match Operation.pdf;C\:\\Users\\jvbob\\Zotero\\storage\\3AUXUKC7\\download.html}
}
% == BibLateX quality report for guhaMergingResultsApproximate2004:
% ? Unsure about the formatting of the booktitle
% ? Title looks like it was stored in title-case in Zotero
% ? unused Library catalog ("CiteSeer")

@book{hancockPariahSyndromeAccount1987,
  title = {The Pariah Syndrome: An Account of Gypsy Slavery and Persecution},
  shorttitle = {The Pariah Syndrome},
  author = {Hancock, Ian F.},
  date = {1987},
  edition = {2nd rev. ed., with an index},
  publisher = {{Karoma Publishers}},
  location = {{Ann Arbor}},
  isbn = {978-0-89720-079-0},
  pagetotal = {180},
  keywords = {Contexte}
}
% == BibLateX quality report for hancockPariahSyndromeAccount1987:
% ? unused Call number ("DX145 .H36 1988")
% ? unused Library catalog ("Library of Congress ISBN")

@article{handNoteUsingFmeasure2018,
  title = {A Note on Using the {{F-measure}} for Evaluating Record Linkage Algorithms},
  author = {Hand, David and Christen, Peter},
  date = {2018-05},
  journaltitle = {Statistics and Computing},
  shortjournal = {Stat Comput},
  volume = {28},
  number = {3},
  pages = {539--547},
  issn = {0960-3174, 1573-1375},
  doi = {10.1007/s11222-017-9746-6},
  url = {http://link.springer.com/10.1007/s11222-017-9746-6},
  urldate = {2022-08-26},
  langid = {english},
  file = {C\:\\Users\\jvbob\\Zotero\\storage\\G695NVJN\\Hand et Christen - 2018 - A note on using the F-measure for evaluating recor.pdf}
}
% == BibLateX quality report for handNoteUsingFmeasure2018:
% 'issn': not a valid ISSN
% ? unused Library catalog ("DOI.org (Crossref)")

@article{haynesGermanyEstablishmentRomanian1999,
  title = {Germany and the {{Establishment}} of the {{Romanian National Legionary State}}, {{September}} 1940},
  author = {Haynes, Rebecca},
  date = {1999},
  journaltitle = {The Slavonic and East European Review},
  volume = {77},
  number = {4},
  eprint = {4212960},
  eprinttype = {jstor},
  pages = {700--725},
  publisher = {{Modern Humanities Research Association}},
  issn = {0037-6795},
  abstract = {Romanian and Western historians have generally regarded the events surrounding the abdication of King Carol II of Romania in early September 1940 and the subsequent installation of the National Legionary State government as being instigated by the Third Reich. This article argues that Carol's fall and the establishment of the Legionary regime headed by General Ion Antonescu and Horia Sima owed relatively little to German intervention and far more to domestic, internal factors. It was Carol himself who, in the summer of 1940, laid the foundations for a change of government personnel and of foreign-policy direction which would reflect his new pro-German course.},
  keywords = {Contexte}
}
% == BibLateX quality report for haynesGermanyEstablishmentRomanian1999:
% Unexpected field 'publisher'
% ? Title looks like it was stored in title-case in Zotero

@article{hernandezRealworldDataDirty1998,
  title = {Real-World {{Data}} Is {{Dirty}}: {{Data Cleansing}} and {{The Merge}}/{{Purge Problem}}},
  shorttitle = {Real-World {{Data}} Is {{Dirty}}},
  author = {Hernández, Mauricio A. and Stolfo, Salvatore J.},
  date = {1998-01-01},
  journaltitle = {Data Mining and Knowledge Discovery},
  shortjournal = {Data Mining and Knowledge Discovery},
  volume = {2},
  number = {1},
  pages = {9--37},
  issn = {1573-756X},
  doi = {10.1023/A:1009761603038},
  url = {https://doi.org/10.1023/A:1009761603038},
  urldate = {2022-08-30},
  langid = {english}
}
% == BibLateX quality report for hernandezRealworldDataDirty1998:
% ? unused Library catalog ("Springer Link")

@book{herzogDataQualityRecord2007a,
  title = {Data Quality and Record Linkage Techniques},
  author = {Herzog, Thomas N. and Scheuren, Fritz and Winkler, William E.},
  date = {2007},
  publisher = {{Springer}},
  location = {{New York ; London}},
  isbn = {978-0-387-69502-0},
  pagetotal = {227},
  keywords = {Electronic data processing,Quality control},
  annotation = {OCLC: ocn137313060}
}
% == BibLateX quality report for herzogDataQualityRecord2007a:
% ? unused Call number ("QA76.9.E94 H47 2007")
% ? unused Library catalog ("Library of Congress ISBN")

@article{hubschmannovaWhatCanSociology1972,
  title = {What Can {{Sociology Suggest About}} the {{Origin}} of {{Roms}}},
  author = {Hübschmannová, M.},
  date = {1972},
  journaltitle = {Archív Orientální},
  volume = {40},
  pages = {51--64},
  publisher = {{Orientálníustav}},
  location = {{Praha, Czech Republic}},
  issn = {0044-8699},
  url = {https://www.proquest.com/docview/1304094622/citation/5F1D1CF72AE4A49PQ/1},
  urldate = {2022-08-19},
  langid = {english},
  pagetotal = {14},
  keywords = {Area Studies - Asia,Asian Studies,Contexte,History--History Of Africa,History--History Of Asia,Linguistics/Philology},
  file = {C\:\\Users\\jvbob\\Zotero\\storage\\PXC3SS34\\Hübschmannová - 1972 - What can Sociology Suggest About the Origin of Rom.pdf}
}
% == BibLateX quality report for hubschmannovaWhatCanSociology1972:
% Unexpected field 'publisher'
% Unexpected field 'location'
% Unexpected field 'pagetotal'
% ? unused Library catalog ("ProQuest")

@online{IndiceDistanceJaccard2021,
  title = {Indice et distance de Jaccard},
  date = {2021-05-28T21:17:43Z},
  url = {https://fr.wikipedia.org/w/index.php?title=Indice_et_distance_de_Jaccard&oldid=183350601},
  urldate = {2022-08-31},
  langid = {french},
  organization = {{Wikipédia}},
  keywords = {Tech},
  annotation = {Page Version ID: 183350601},
  file = {C\:\\Users\\jvbob\\Zotero\\storage\\AXRCEUP8\\Indice_et_distance_de_Jaccard.html}
}

@book{internationalcommisionontheholocaustinromaniaFinalReport2005a,
  title = {Final Report},
  editor = {International Commision on the Holocaust in Romania and Friling, Tuvia and Ioanid, Radu and Ionescu, Mihail E.},
  date = {2005},
  publisher = {{Polirom}},
  location = {{Iași}},
  isbn = {978-973-681-989-6},
  pagetotal = {415},
  keywords = {Contexte}
}
% == BibLateX quality report for internationalcommisionontheholocaustinromaniaFinalReport2005a:
% Missing required field 'author'
% ? unused Call number ("DS135.R7 I63 2005")
% ? unused Library catalog ("Library of Congress ISBN")

@book{iorgaHistoryRomaniaLand2019,
  title = {A {{History}} of {{Romania}}: {{Land}}, {{People}}, {{Civilization}}},
  shorttitle = {A {{History}} of {{Romania}}},
  author = {Iorga, Nicolae and Prodan, David},
  date = {2019},
  publisher = {{Histria Books}},
  location = {{Havertown, UNITED STATES}},
  url = {http://ebookcentral.proquest.com/lib/univpsl-ebooks/detail.action?docID=6465207},
  urldate = {2022-08-21},
  isbn = {978-1-59211-109-1},
  keywords = {Contexte,Roumanie},
  file = {C\:\\Users\\jvbob\\Zotero\\storage\\FK7FYITD\\reader.html}
}
% == BibLateX quality report for iorgaHistoryRomaniaLand2019:
% ? Title looks like it was stored in title-case in Zotero
% ? unused Library catalog ("ProQuest Ebook Central")

@article{jaroAdvancesRecordLinkageMethodology1989,
  title = {Advances in {{Record-Linkage Methodology}} as {{Applied}} to {{Matching}} the 1985 {{Census}} of {{Tampa}}, {{Florida}}},
  author = {Jaro, Matthew A.},
  date = {1989},
  journaltitle = {Journal of the American Statistical Association},
  volume = {84},
  number = {406},
  eprint = {2289924},
  eprinttype = {jstor},
  pages = {414--420},
  publisher = {{[American Statistical Association, Taylor \& Francis, Ltd.]}},
  issn = {0162-1459},
  doi = {10.2307/2289924}
}
% == BibLateX quality report for jaroAdvancesRecordLinkageMethodology1989:
% Unexpected field 'publisher'
% ? Title looks like it was stored in title-case in Zotero

@incollection{jurek-loughreySemisupervisedUnsupervisedApproaches2019,
  title = {Semi-Supervised and {{Unsupervised Approaches}} to {{Record Pairs Classification}} in {{Multi-Source Data Linkage}}},
  author = {Jurek-Loughrey, Anna and P, Deepak},
  date = {2019-01-01},
  pages = {55--78},
  doi = {10.1007/978-3-030-01872-6_3},
  isbn = {978-3-030-01871-9},
  file = {C\:\\Users\\jvbob\\Zotero\\storage\\M8BDMHL6\\Jurek-Loughrey et P - 2019 - Semi-supervised and Unsupervised Approaches to Rec.pdf}
}
% == BibLateX quality report for jurek-loughreySemisupervisedUnsupervisedApproaches2019:
% Missing required field 'editor'
% Missing required field 'booktitle'
% ? unused Library catalog ("ResearchGate")

@article{kelsoRecognizingRomaStudy2010,
  title = {Recognizing the {{Roma}}: {{A Study}} of the {{Holocaust}} as {{Viewed}} in {{Romania}}.},
  shorttitle = {Recognizing the {{Roma}}},
  author = {Kelso, Michelle},
  date = {2010-01-01},
  abstract = {During the Second World War, the Roma, also known as the Gypsies, were another victim of the Holocaust who the Nazis and their allies persecuted throughout much of Europe. Despite this, post-war through present, recognition of Romani suffering and status as former victims have been slow among populations beyond the Roma themselves. Various efforts, from oral histories to film documentaries, have been undertaken alongside state truth commissions and transnational diplomacy to increase that recognition and its consequence. Focusing on Romania, the country with the largest number of Roma, I explore how oral histories, documentaries, and teacher training work on the Holocaust affect that recognition and inform public consciousness among Romanians and reshape Holocaust studies across the world. Drawing on cultural sociology to explore these mechanisms, especially in the education sector, I propose that the reproduction and transformation of inequalities might be understood better by exploring how recognition of the Roma's status during World War II and after has been changed, and how misrecognition endures.  In this dissertation I examine two fundamental questions: 1) How and why do the Romanians and Roma understand and represent the Holocaust? and 2) How can misrecognition be changed? Romania makes for an interesting case study since until recently, the country’s leaders denied the Holocaust occurred there and a radical restructuring of that position in 2004 has led to substantial revisions in education to streamline curricula with European perspectives. The intersection of Holocaust education with civic education provides insightful data both about the ways in which the Holocaust has been taught traditionally and the barriers that either can preclude or enhance debate on citizenship and democracy.},
  keywords = {Contexte}
}
% == BibLateX quality report for kelsoRecognizingRomaStudy2010:
% Missing required field 'journaltitle'
% ? Title looks like it was stored in title-case in Zotero
% ? unused Library catalog ("ResearchGate")

@article{kelsoRomaWereVictims2013,
  title = {‘{{And Roma}} Were Victims, Too.’ {{The Romani}} Genocide and {{Holocaust}} Education in {{Romania}}},
  author = {Kelso, Michelle},
  date = {2013-05-24},
  journaltitle = {Intercultural Education},
  volume = {24},
  number = {1-02},
  pages = {61--78},
  publisher = {{Routledge}},
  issn = {1467-5986},
  doi = {10.1080/14675986.2013.768060},
  url = {https://doi.org/10.1080/14675986.2013.768060},
  urldate = {2022-08-18},
  keywords = {Contexte},
  annotation = {\_eprint: https://doi.org/10.1080/14675986.2013.768060}
}
% == BibLateX quality report for kelsoRomaWereVictims2013:
% Unexpected field 'publisher'
% ? unused Library catalog ("Taylor and Francis+NEJM")

@book{kenrickGypsiesGangesThames2004,
  title = {Gypsies, from the {{Ganges}} to the {{Thames}}},
  author = {Kenrick, Donald and Kenrick Donald},
  date = {2004},
  series = {Interface Collection},
  number = {3},
  publisher = {{University of Hertfordshire Press}},
  location = {{Hatfield, Hertfordshire}},
  isbn = {978-1-902806-23-5},
  pagetotal = {126},
  keywords = {Contexte},
  annotation = {OCLC: ocm51270651}
}
% == BibLateX quality report for kenrickGypsiesGangesThames2004:
% ? Title looks like it was stored in title-case in Zotero
% ? unused Call number ("DX115 .K45 2004")
% ? unused Library catalog ("Library of Congress ISBN")

@book{kenrickHistoricalDictionaryGypsies1998,
  title = {Historical Dictionary of the {{Gypsies}} ({{Romanies}})},
  author = {Kenrick, Donald and Taylor, Gillian},
  date = {1998},
  series = {European Historical Dictionaries},
  number = {no. 27},
  publisher = {{Scarecrow Press}},
  location = {{Lanham, Md}},
  isbn = {978-0-8108-3444-6},
  pagetotal = {231},
  keywords = {Contexte}
}
% == BibLateX quality report for kenrickHistoricalDictionaryGypsies1998:
% ? unused Call number ("DX115 .K46 1998")
% ? unused Library catalog ("Library of Congress ISBN")

@inproceedings{kirielleTransERHomogeneousTransfer,
  title = {{{TransER}}: {{Homogeneous Transfer Learning}} for {{Entity Resolution}}},
  shorttitle = {{{TransER}}},
  booktitle = {Proceedings of the 25th {{International Conference}} on {{Extending Database Technology}} 2022, {{Edinburgh}}},
  author = {Kirielle, Nishadi and Christen, Peter and Ranbaduge, Thilina},
  publisher = {{OpenProceedings.org}},
  url = {https://openproceedings.org/2022/conf/edbt/paper-27.pdf},
  urldate = {2022-08-26},
  langid = {english}
}
% == BibLateX quality report for kirielleTransERHomogeneousTransfer:
% Exactly one of 'date' / 'year' must be present
% ? Title looks like it was stored in title-case in Zotero
% ? unused Library catalog ("DOI.org (Datacite)")

@inproceedings{kirielleUnsupervisedGraphbasedEntity,
  title = {Unsupervised {{Graph-based Entity Resolution}} for {{Accurate}} and {{Efficient Family Pedigree Search}}},
  booktitle = {Proceedings of the 25th {{International Conference}} on {{Extending Database Technology}} 2022, {{Edinburgh}}},
  author = {Kirielle, Nishadi and Nanayakkara, Charini and Christen, Peter and Dibben, Chris and Williamson, Lee and Garrett, Eilidh and Manson, Clair},
  publisher = {{OpenProceedings.org}},
  url = {https://openproceedings.org/2022/conf/edbt/paper-86.pdf},
  urldate = {2022-08-26},
  langid = {english}
}
% == BibLateX quality report for kirielleUnsupervisedGraphbasedEntity:
% Exactly one of 'date' / 'year' must be present
% ? unused Library catalog ("DOI.org (Datacite)")

@online{Kmoyennes2022,
  title = {K-moyennes},
  date = {2022-05-01T19:44:34Z},
  url = {https://fr.wikipedia.org/w/index.php?title=K-moyennes&oldid=193331134},
  urldate = {2022-09-05},
  abstract = {Le partitionnement en k-moyennes (ou k-means en anglais) est une méthode de partitionnement de données et un problème d'optimisation combinatoire. Étant donnés des points et un entier k, le problème est de diviser les points en k groupes, souvent appelés clusters, de façon à minimiser une certaine fonction. On considère la distance d'un point à la moyenne des points de son cluster ; la fonction à minimiser est la somme des carrés de ces distances. Il existe une heuristique classique pour ce problème, souvent appelée méthodes des k-moyennes, utilisée pour la plupart des applications. Le problème est aussi étudié comme un problème d'optimisation classique, avec par exemple des algorithmes d'approximation. Les k-moyennes sont notamment utilisées en apprentissage non supervisé où l'on divise des observations en k partitions. Les nuées dynamiques sont une généralisation de ce principe, pour laquelle chaque partition est représentée par un noyau pouvant être plus complexe qu'une moyenne. Un algorithme classique de k-means est le même que l'algorithme de quantification de Lloyd-Max.},
  langid = {french},
  organization = {{Wikipédia}},
  keywords = {Tech},
  annotation = {Page Version ID: 193331134},
  file = {C\:\\Users\\jvbob\\Zotero\\storage\\8QPKYVJJ\\K-moyennes.html}
}
% == BibLateX quality report for Kmoyennes2022:
% ? Title looks like it was stored in lower-case in Zotero

@inproceedings{knyazevaExampleEmpiricalApproach2016,
  title = {An Example of Empirical Approach for Bibliographic Record Linkage},
  booktitle = {2016 {{IEEE Tenth International Conference}} on {{Research Challenges}} in {{Information Science}} ({{RCIS}})},
  author = {Knyazeva, Anna and Kolobov, Oleg and Turchanovsky, Igor},
  date = {2016-06},
  pages = {1--6},
  issn = {2151-1357},
  doi = {10.1109/RCIS.2016.7549290},
  abstract = {The record linkage problem in application to a bibliographic and authority data is considered. The problem is common in the situation of merging data from several libraries. The two approaches based on empirical analysis of data are tested. Both of them involve an indirect information about a person. The proposed variant of the decision tree method allows us to deal with inconsistent bibliographic data and to use particular rules one by one for improving of record linkage quality. The study was performed on data of several Russian libraries. The data we deal with are in RUSMARC format which is a variant of UNIMARC popular in Russia.},
  eventtitle = {2016 {{IEEE Tenth International Conference}} on {{Research Challenges}} in {{Information Science}} ({{RCIS}})},
  keywords = {Couplings,Databases,Ear,Electronic mail,Libraries,Measurement,Merging}
}
% == BibLateX quality report for knyazevaExampleEmpiricalApproach2016:
% Unexpected field 'issn'
% ? Unsure about the formatting of the booktitle
% ? unused Library catalog ("IEEE Xplore")

@book{kogalniceanuEsquisseHistoireMoeurs1837,
  title = {Esquisse sur l'histoire, les moeurs et la langue des Cigains, connus en France sous le nom de Bohémiens : suivie d'un recueil de sept cents mots cigains / par Michel de Kogalnitchan},
  shorttitle = {Esquisse sur l'histoire, les moeurs et la langue des Cigains, connus en France sous le nom de Bohémiens},
  author = {du texte Kogălniceanu, Mihail (1817-1891) Auteur},
  date = {1837},
  url = {https://gallica.bnf.fr/ark:/12148/bpt6k34131463},
  urldate = {2022-08-19},
  abstract = {Esquisse sur l'histoire, les moeurs et la langue des Cigains, connus en France sous le nom de Bohémiens : suivie d'un recueil de sept cents mots cigains / par Michel de Kogalnitchan -- 1837 -- livre},
  langid = {french},
  keywords = {Contexte},
  file = {C\:\\Users\\jvbob\\Zotero\\storage\\JBXXPPYN\\f14.html}
}
% == BibLateX quality report for kogalniceanuEsquisseHistoireMoeurs1837:
% ? unused Library catalog ("gallica.bnf.fr")

@thesis{kouahlaIndexationDansEspaces2013,
  type = {phdthesis},
  title = {Indexation dans les espaces métriques Index arborescent et parallélisation},
  author = {Kouahla, Zineddine},
  date = {2013-02-14},
  institution = {{Université de Nantes}},
  url = {https://tel.archives-ouvertes.fr/tel-00912743},
  urldate = {2022-08-30},
  abstract = {L'indexation et la recherche efficiente de données complexes constitue un besoin croissant face à la taille et à la variété des bases de données actuelles. Nous proposons une structure d'index arborescent basée sur un partitionnement d'un espace métrique à base de boules et d'hyper-plans. Les performances de cet index sont évaluées expérimentalement sur des collections de complexités intrinsèques différentes. La parallélisation de l'algorithme de recherche des k plus proches voisins est également effectuée afin d'encore améliorer les performances.},
  langid = {french},
  file = {C\:\\Users\\jvbob\\Zotero\\storage\\7JC33FGU\\Kouahla - 2013 - Indexation dans les espaces métriques Index arbore.pdf;C\:\\Users\\jvbob\\Zotero\\storage\\PUP6I86K\\tel-00912743.html}
}
% == BibLateX quality report for kouahlaIndexationDansEspaces2013:
% ? unused Library catalog ("tel.archives-ouvertes.fr")

@article{kouahlaIndexationDansEspacesa,
  title = {Indexation dans les espaces métriques Index arborescent et parallélisation},
  author = {Kouahla, Zineddine},
  pages = {215},
  langid = {french},
  file = {C\:\\Users\\jvbob\\Zotero\\storage\\97C8TRK2\\Kouahla - Indexation dans les espaces métriques Index arbore.pdf}
}
% == BibLateX quality report for kouahlaIndexationDansEspacesa:
% Exactly one of 'date' / 'year' must be present
% Missing required field 'journaltitle'
% ? unused Library catalog ("Zotero")

@article{lehtiUnsupervisedDuplicateDetection2006,
  title = {Unsupervised {{Duplicate Detection Using Sample Non-duplicates}}},
  author = {Lehti, Patrick and Fankhauser, Peter},
  date = {2006-01-01},
  journaltitle = {Lecture Notes in Computer Science},
  shortjournal = {Lecture Notes in Computer Science},
  volume = {4244},
  pages = {136--164},
  issn = {978-3-540-46329-0},
  doi = {10.1007/11890591_5},
  file = {C\:\\Users\\jvbob\\Zotero\\storage\\EFADXVUS\\Lehti et Fankhauser - 2006 - Unsupervised Duplicate Detection Using Sample Non-.pdf}
}
% == BibLateX quality report for lehtiUnsupervisedDuplicateDetection2006:
% 'issn': not a valid ISSN
% ? unused Library catalog ("ResearchGate")

@book{liegeoisRomsTsiganes2019,
  title = {Roms et {{Tsiganes}}:},
  shorttitle = {Roms et {{Tsiganes}}},
  author = {Liégeois, Jean-Pierre},
  date = {2019-05-02},
  series = {Repères},
  publisher = {{La Découverte}},
  doi = {10.3917/dec.liege.2019.01},
  url = {https://cairn.info/roms-et-tsiganes-2019--9782348043499.htm},
  urldate = {2022-08-19},
  isbn = {978-2-348-04349-9},
  keywords = {Contexte}
}
% == BibLateX quality report for liegeoisRomsTsiganes2019:
% ? Title looks like it was stored in title-case in Zotero
% ? unused Library catalog ("DOI.org (Crossref)")

@online{LongueSouschaineCommune2021,
  title = {Plus longue sous-chaîne commune},
  date = {2021-10-31T17:46:18Z},
  url = {https://fr.wikipedia.org/w/index.php?title=Plus_longue_sous-cha%C3%AEne_commune&oldid=187600673},
  urldate = {2022-09-04},
  abstract = {En informatique, le problème de la plus longue sous-chaîne commune, à ne pas confondre avec celui de la plus longue sous-séquence commune, consiste à déterminer la (ou les) plus longue(s) chaîne(s) de caractères qui est sous-chaîne de deux chaînes de caractères. Ce problème se généralise à la recherche de la plus longue sous-chaîne commune à plus de deux chaînes de caractères.},
  langid = {french},
  organization = {{Wikipédia}},
  keywords = {Tech},
  annotation = {Page Version ID: 187600673},
  file = {C\:\\Users\\jvbob\\Zotero\\storage\\DV5FM43Q\\Plus_longue_sous-chaîne_commune.html}
}

@online{MachineVecteursSupport2022,
  title = {Machine à vecteurs de support},
  date = {2022-03-24T20:59:15Z},
  url = {https://fr.wikipedia.org/w/index.php?title=Machine_%C3%A0_vecteurs_de_support&oldid=192207500},
  urldate = {2022-09-05},
  langid = {french},
  organization = {{Wikipédia}},
  keywords = {Tech},
  annotation = {Page Version ID: 192207500},
  file = {C\:\\Users\\jvbob\\Zotero\\storage\\IP6RWA8T\\Machine_à_vecteurs_de_support.html}
}

@online{MajorityQuestionInterwar2020,
  title = {The “{{Majority Question}}” in {{Interwar Romania}}: {{Making Majorities}} from {{Minorities}} in a {{Heterogeneous State}}},
  shorttitle = {The “{{Majority Question}}” in {{Interwar Romania}}},
  date = {2020-04-22T10:28:13+00:00},
  url = {https://themythofhomogeneity.org/2020/04/22/the-majority-question-in-interwar-romania-making-majorities-from-minorities-in-a-heterogeneous-state/},
  urldate = {2022-08-23},
  langid = {english},
  organization = {{The Myth of Homogeneity}},
  keywords = {Contexte},
  file = {C\:\\Users\\jvbob\\Zotero\\storage\\XGXEZJC2\\the-majority-question-in-interwar-romania-making-majorities-from-minorities-in-a-heterogeneous-.html}
}
% == BibLateX quality report for MajorityQuestionInterwar2020:
% ? Title looks like it was stored in title-case in Zotero

@article{marushiakovaGypsySlaveryWallachia2013,
  title = {Gypsy {{Slavery}} in {{Wallachia}} and {{Moldavia}}.},
  author = {Marushiakova, Elena and Popov, Vesselin},
  date = {2013-02-25},
  keywords = {Contexte},
  file = {C\:\\Users\\jvbob\\Zotero\\storage\\SNH6MB3R\\Marushiakova et Popov - 2013 - Gypsy Slavery in Wallachia and Moldavia..pdf}
}
% == BibLateX quality report for marushiakovaGypsySlaveryWallachia2013:
% Missing required field 'journaltitle'
% ? Title looks like it was stored in title-case in Zotero
% ? unused Library catalog ("ResearchGate")

@article{marushiakovaLetterStalinRoma2020,
  title = {‘{{Letter}} to {{Stalin}}’: {{Roma Activism}} vs. {{Gypsy Nomadism}} in {{Central}}, {{South-Eastern}} and {{Eastern Europe}} before {{WWII}}},
  shorttitle = {‘{{Letter}} to {{Stalin}}’},
  author = {Marushiakova, Elena and Popov, Vesselin},
  date = {2020-06-04},
  journaltitle = {Social Inclusion},
  shortjournal = {SI},
  volume = {8},
  number = {2},
  pages = {265--276},
  issn = {2183-2803},
  doi = {10.17645/si.v8i2.2777},
  url = {https://www.cogitatiopress.com/socialinclusion/article/view/2777},
  urldate = {2022-08-22},
  keywords = {Contexte},
  file = {C\:\\Users\\jvbob\\Zotero\\storage\\F3GV8GE8\\Marushiakova et Popov - 2020 - ‘Letter to Stalin’ Roma Activism vs. Gypsy Nomadi.pdf}
}
% == BibLateX quality report for marushiakovaLetterStalinRoma2020:
% ? Title looks like it was stored in title-case in Zotero
% ? unused Library catalog ("DOI.org (Crossref)")

@article{marushiakovaRomaGypsiesOttoman,
  title = {Roma / {{Gypsies}} in {{Ottoman Empire}}},
  author = {Marushiakova, Elena},
  url = {https://www.academia.edu/1132441/Roma_Gypsies_in_Ottoman_Empire},
  urldate = {2022-08-19},
  abstract = {Roma / Gypsies in Ottoman Empire},
  langid = {english},
  keywords = {Contexte}
}
% == BibLateX quality report for marushiakovaRomaGypsiesOttoman:
% Exactly one of 'date' / 'year' must be present
% Missing required field 'journaltitle'
% ? Title looks like it was stored in title-case in Zotero
% ? unused Library catalog ("www.academia.edu")

@article{mateiNationalismPragmatismRoma2020,
  title = {Between {{Nationalism}} and {{Pragmatism}}: {{The Roma Movement}} in {{Interwar Romania}}},
  shorttitle = {Between {{Nationalism}} and {{Pragmatism}}},
  author = {Matei, Petre},
  date = {2020},
  journaltitle = {Social Inclusion},
  volume = {8},
  number = {2},
  pages = {305},
  issn = {2183-2803},
  url = {https://www.academia.edu/43300578/Between_Nationalism_and_Pragmatism_The_Roma_Movement_in_Interwar_Romania},
  urldate = {2022-08-18},
  abstract = {In the interwar period, for the first time in their history, Romanian Roma managed to organise themselves on a modern basis, by forming Roma associations and unions, and issuing their own newspapers and programmes. In an effort to define themselves,},
  langid = {english},
  keywords = {Contexte},
  file = {C\:\\Users\\jvbob\\Zotero\\storage\\RREL7RGW\\Between_Nationalism_and_Pragmatism_The_Roma_Movement_in_Interwar_Romania.html}
}
% == BibLateX quality report for mateiNationalismPragmatismRoma2020:
% ? Title looks like it was stored in title-case in Zotero
% ? unused Library catalog ("www.academia.edu")

@book{matrasRomaniLinguisticIntroduction2002,
  title = {Romani: A Linguistic Introduction},
  shorttitle = {Romani},
  author = {Matras, Yaron},
  date = {2002},
  publisher = {{Cambridge University Press}},
  location = {{Cambridge}},
  isbn = {978-0-521-63165-5},
  pagetotal = {291},
  keywords = {Contexte},
  annotation = {OCLC: ocm49872386}
}
% == BibLateX quality report for matrasRomaniLinguisticIntroduction2002:
% ? unused Call number ("PK2896 .M38 2002")
% ? unused Library catalog ("Library of Congress ISBN")

@article{moreauAppariementEntitesNommees,
  title = {Appariement d’entités nommées coréférentes : combinaisons de mesures de similarité par apprentissage supervisé},
  author = {Moreau, Erwan and Yvon, François and Cappé, Olivier},
  pages = {11},
  abstract = {Matching named entities consists in grouping the different forms under which an entity may occur. Textual similarity measures are the usual tools for this task. We propose to combine several measures in order to improve the performance. We show the relevance of supervised learning in this objective through experiences with two corpora, especially in the case of the C4.5 algorithm.},
  langid = {french},
  file = {C\:\\Users\\jvbob\\Zotero\\storage\\XVASDKJ3\\Moreau et al. - Appariement d’entités nommées coréférentes  combi.pdf}
}
% == BibLateX quality report for moreauAppariementEntitesNommees:
% Exactly one of 'date' / 'year' must be present
% Missing required field 'journaltitle'
% ? unused Library catalog ("Zotero")

@inproceedings{moreauRobustSimilarityMeasures2008,
  title = {Robust Similarity Measures for Named Entities Matching},
  booktitle = {Proceedings of the 22nd {{International Conference}} on {{Computational Linguistics}}},
  author = {Moreau, Erwan and Yvon, François and Cappé, Olivier},
  date = {2008},
  volume = {1},
  pages = {593--600},
  publisher = {{Association for Computational Linguistics}},
  location = {{Manchester, United Kingdom}},
  doi = {10.3115/1599081.1599156},
  url = {http://portal.acm.org/citation.cfm?doid=1599081.1599156},
  urldate = {2022-08-31},
  eventtitle = {The 22nd {{International Conference}}},
  isbn = {978-1-905593-44-6},
  langid = {english},
  file = {C\:\\Users\\jvbob\\Zotero\\storage\\85G3UNUM\\Moreau et al. - 2008 - Robust similarity measures for named entities matc.pdf}
}
% == BibLateX quality report for moreauRobustSimilarityMeasures2008:
% ? unused Library catalog ("DOI.org (Crossref)")

@online{nastasaVolumeDocumentsGypsies2001,
  title = {The Volume of Documents "{{Gypsies}} of {{Romania}} (1919-1944)"},
  author = {Nastasă, Lucian and Varga, Andrea},
  date = {2001},
  url = {https://roma-survivors.ro/en/resources/volumul-de-documente-tiganii-din-romania-1919-1944},
  urldate = {2022-08-18},
  keywords = {Contexte},
  file = {C\:\\Users\\jvbob\\Zotero\\storage\\THPE6ZI3\\volumul-de-documente-tiganii-din-romania-1919-1944.html}
}

@article{newcombeAutomaticLinkageVital1959,
  title = {Automatic {{Linkage}} of {{Vital Records}}},
  author = {Newcombe, H. B. and Kennedy, J. M. and Axford, S. J. and James, A. P.},
  date = {1959},
  journaltitle = {Science},
  volume = {130},
  number = {3381},
  eprint = {1756667},
  eprinttype = {jstor},
  pages = {954--959},
  publisher = {{American Association for the Advancement of Science}},
  issn = {0036-8075},
  file = {C\:\\Users\\jvbob\\Zotero\\storage\\ZEBBAK6C\\Newcombe et al. - 1959 - Automatic Linkage of Vital Records.pdf}
}
% == BibLateX quality report for newcombeAutomaticLinkageVital1959:
% Unexpected field 'publisher'
% ? Title looks like it was stored in title-case in Zotero

@article{newcombeCouplageDonneesPour1969,
  title = {Couplage de données pour les études démographiques},
  author = {Newcombe, Howard B.},
  date = {1969},
  journaltitle = {Population},
  volume = {24},
  number = {4},
  pages = {653--684},
  publisher = {{Persée - Portail des revues scientifiques en SHS}},
  doi = {10.2307/1527541},
  url = {https://www.persee.fr/doc/pop_0032-4663_1969_num_24_4_14003},
  urldate = {2022-08-26},
  langid = {fre},
  file = {C\:\\Users\\jvbob\\Zotero\\storage\\VAVCHZN4\\pop_0032-4663_1969_num_24_4_14003.html}
}
% == BibLateX quality report for newcombeCouplageDonneesPour1969:
% Unexpected field 'publisher'
% ? unused Library catalog ("www.persee.fr")

@online{Ngram2022,
  title = {\emph{N}-Gram},
  date = {2022-08-28T20:11:28Z},
  url = {https://en.wikipedia.org/w/index.php?title=N-gram&oldid=1107215398},
  urldate = {2022-09-03},
  langid = {english},
  organization = {{Wikipedia}},
  keywords = {Tech},
  annotation = {Page Version ID: 1107215398},
  file = {C\:\\Users\\jvbob\\Zotero\\storage\\XMXB2VJE\\N-gram.html}
}
% == BibLateX quality report for Ngram2022:
% ? Title looks like it was stored in lower-case in Zotero

@online{NouvellesProceduresPour,
  title = {Nouvelles Procédures Pour Les Appariements de Données – {{Le CASD}} – {{Centre}} d'accès {{Sécurisé}} Aux {{Données}}},
  url = {https://www.casd.eu/nouvelles-procedures-pour-les-appariements-de-donnees/},
  urldate = {2022-09-05}
}
% == BibLateX quality report for NouvellesProceduresPour:
% Exactly one of 'date' / 'year' must be present

@online{ObjectifsQUALINCA,
  title = {Objectifs | {{QUALINCA}}},
  url = {https://www.lirmm.fr/qualinca/index8b01.html?q=fr/objectifs},
  urldate = {2022-09-06},
  file = {C\:\\Users\\jvbob\\Zotero\\storage\\JIPCR5EP\\index8b01.html}
}
% == BibLateX quality report for ObjectifsQUALINCA:
% Exactly one of 'date' / 'year' must be present
% ? Title looks like it was stored in title-case in Zotero

@inproceedings{onGroupLinkage2007,
  title = {Group {{Linkage}}},
  booktitle = {2007 {{IEEE}} 23rd {{International Conference}} on {{Data Engineering}}},
  author = {On, Byung-Won and Koudas, Nick and Lee, Dongwon and Srivastava, Divesh},
  date = {2007-04},
  pages = {496--505},
  publisher = {{IEEE}},
  location = {{Istanbul}},
  doi = {10.1109/ICDE.2007.367895},
  url = {https://ieeexplore.ieee.org/document/4221698/},
  urldate = {2022-09-04},
  isbn = {978-1-4244-0802-3}
}
% == BibLateX quality report for onGroupLinkage2007:
% ? Unsure about the formatting of the booktitle
% ? Title looks like it was stored in title-case in Zotero
% ? unused Library catalog ("DOI.org (Crossref)")

@inproceedings{onSocialNetworkAnalysis2008,
  title = {Social {{Network Analysis}} on {{Name Disambiguation}} and {{More}}},
  author = {On, Byung-Won},
  date = {2008-12-13},
  pages = {1081--1088},
  doi = {10.1109/ICCIT.2008.210}
}
% == BibLateX quality report for onSocialNetworkAnalysis2008:
% Missing required field 'booktitle'
% ? Title looks like it was stored in title-case in Zotero
% ? unused Library catalog ("ResearchGate")

@online{OutilAppariementIdentifiants,
  title = {Un Outil d’appariement Sur Identifiants Indirects − {{Courrier}} Des Statistiques {{N6}}~-~2021 | {{Insee}}},
  url = {https://www.insee.fr/fr/information/5398689?sommaire=5398695},
  urldate = {2022-09-05},
  keywords = {RL},
  file = {C\:\\Users\\jvbob\\Zotero\\storage\\P836DN46\\5398689.html}
}
% == BibLateX quality report for OutilAppariementIdentifiants:
% Exactly one of 'date' / 'year' must be present

@article{papadakisBlockingFilteringTechniques2021,
  title = {Blocking and {{Filtering Techniques}} for {{Entity Resolution}}: {{A Survey}}},
  shorttitle = {Blocking and {{Filtering Techniques}} for {{Entity Resolution}}},
  author = {Papadakis, George and Skoutas, Dimitrios and Thanos, Emmanouil and Palpanas, Themis},
  date = {2021-03-31},
  journaltitle = {ACM Computing Surveys},
  shortjournal = {ACM Comput. Surv.},
  volume = {53},
  number = {2},
  pages = {1--42},
  issn = {0360-0300, 1557-7341},
  doi = {10.1145/3377455},
  url = {https://dl.acm.org/doi/10.1145/3377455},
  urldate = {2022-08-26},
  langid = {english}
}
% == BibLateX quality report for papadakisBlockingFilteringTechniques2021:
% 'issn': not a valid ISSN
% ? Title looks like it was stored in title-case in Zotero
% ? unused Library catalog ("DOI.org (Crossref)")

@online{PartitionnementDonnees2022,
  title = {Partitionnement de données},
  date = {2022-08-05T08:06:49Z},
  url = {https://fr.wikipedia.org/w/index.php?title=Partitionnement_de_donn%C3%A9es&oldid=195865450},
  urldate = {2022-09-05},
  langid = {french},
  organization = {{Wikipédia}},
  keywords = {Tech},
  annotation = {Page Version ID: 195865450},
  file = {C\:\\Users\\jvbob\\Zotero\\storage\\GNDQX8E4\\Partitionnement_de_données.html}
}

@misc{pazdzioraHistoricalRegionsRomania2009,
  title = {Historical Regions of {{Romania}} \& Neigboroughs},
  date = {2009-03-22},
  url = {https://commons.wikimedia.org/wiki/File:RomaniaHistRegions.jpg},
  urldate = {2022-08-20},
  editora = {Paździora, Mariusz and Cepleanu, Spiridon Ion},
  editoratype = {collaborator},
  keywords = {Contexte,Roumanie},
  note = {\href{https://en.wikipedia.org/wiki/en:Creative_Commons}{Creative Commons}~\href{https://creativecommons.org/licenses/by/3.0/deed.en}{Attribution 3.0}},
  file = {C\:\\Users\\jvbob\\Zotero\\storage\\M6VCFKYU\\FileRomaniaHistRegions.html}
}
% == BibLateX quality report for pazdzioraHistoricalRegionsRomania2009:
% Unexpected field 'editora'
% Unexpected field 'editoratype'
% ? unused Archive ("Several historic maps and atlases of Romania")
% ? unused Library catalog ("Wikimedia Commons")

@report{picardAccesAuxDonnees2017,
  title = {L’accès Aux Données Très Détaillées Pour La Recherche Scientifique},
  author = {Picard, Nathalie and Gadouche, Kamel},
  date = {2017},
  journaltitle = {THEMA Working Papers},
  series = {{{THEMA Working Papers}}},
  number = {2017-06},
  institution = {{THEMA (THéorie Economique, Modélisation et Applications), Université de Cergy-Pontoise}},
  url = {https://ideas.repec.org/p/ema/worpap/2017-06.html},
  urldate = {2022-09-06},
  langid = {english},
  keywords = {accès sécurisé,appariement,Big data,confidentialité,données administratives,endogénéité,évaluation,panel,politiques publiques},
  file = {C\:\\Users\\jvbob\\Zotero\\storage\\EZEV95CG\\Picard et Gadouche - 2017 - L’accès aux données très détaillées pour la recher.pdf;C\:\\Users\\jvbob\\Zotero\\storage\\9MHAA7UA\\2017-06.html}
}
% == BibLateX quality report for picardAccesAuxDonnees2017:
% Unexpected field 'journaltitle'
% Unexpected field 'series'
% Missing required field 'type'
% ? unused Library catalog ("ideas.repec.org")

@inproceedings{pitaApplyingMachineLearning2017,
  title = {Applying Machine Learning to Improve the Accuracy of Probabilistic Linkage},
  author = {Pita, Robespierre and Sena, Samila and Fiaccone, Rosemeire and Amorim, Leila and Barreto, Mauricio and Denaxas, Spiros and Barreto, Marcos},
  date = {2017-06-01},
  file = {C\:\\Users\\jvbob\\Zotero\\storage\\U5JB5ML6\\Pita et al. - 2017 - Applying machine learning to improve the accuracy .pdf}
}
% == BibLateX quality report for pitaApplyingMachineLearning2017:
% Missing required field 'booktitle'
% ? unused Library catalog ("ResearchGate")

@online{POPPProjetOcerisation,
  title = {POPP. Projet d'océrisation des recensements parisiens},
  url = {https://popp.hypotheses.org/},
  urldate = {2022-09-06},
  langid = {french},
  file = {C\:\\Users\\jvbob\\Zotero\\storage\\7GEXHWLD\\popp.hypotheses.org.html}
}
% == BibLateX quality report for POPPProjetOcerisation:
% Exactly one of 'date' / 'year' must be present

@online{PrecisionRappel2022,
  title = {Précision et rappel},
  date = {2022-05-30T20:29:21Z},
  url = {https://fr.wikipedia.org/w/index.php?title=Pr%C3%A9cision_et_rappel&oldid=194125713},
  urldate = {2022-09-05},
  langid = {french},
  organization = {{Wikipédia}},
  keywords = {Tech},
  annotation = {Page Version ID: 194125713},
  file = {C\:\\Users\\jvbob\\Zotero\\storage\\DHZDZTM3\\Précision_et_rappel.html}
}

@online{QualiteInteroperabiliteGrands,
  title = {Qualité et interopérabilité de grands catalogues documentaires},
  url = {https://anr.fr/Projet-ANR-12-CORD-0012},
  urldate = {2022-09-05},
  abstract = {L’enjeu est de fournir un accès de qualité aux immenses bases documentaires telles que les archives de l’audiovisuel, les bases bibliographiques universitaires ou les licences nationales de corpus d’éditeur, via la mise en œuvre de méthodes semi-automatique de contrôle de la qualité des métadonnées indexant ces bases et d’aide à l’indexation de nouveau document.},
  langid = {french},
  organization = {{Agence nationale de la recherche}}
}
% == BibLateX quality report for QualiteInteroperabiliteGrands:
% Exactly one of 'date' / 'year' must be present

@article{ramadanDynamicSortedNeighborhood2015,
  title = {Dynamic {{Sorted Neighborhood Indexing Technique}} for {{Real-Time Entity Resolution}}},
  author = {Ramadan, Banda and Christen, Peter and Liang, Huizhi and Gayler, Ross},
  date = {2015-10-01},
  journaltitle = {The ACM Journal of Data and Information Quality (JDIQ)},
  shortjournal = {The ACM Journal of Data and Information Quality (JDIQ)},
  volume = {6},
  doi = {10.1145/2816821},
  file = {C\:\\Users\\jvbob\\Zotero\\storage\\VILJ9AG4\\Ramadan et al. - 2015 - Dynamic Sorted Neighborhood Indexing Technique for.pdf}
}
% == BibLateX quality report for ramadanDynamicSortedNeighborhood2015:
% ? Title looks like it was stored in title-case in Zotero
% ? unused Library catalog ("ResearchGate")

@article{ramadanDynamicSortedNeighborhood2015a,
  title = {Dynamic {{Sorted Neighborhood Indexing Technique}} for {{Real-Time Entity Resolution}}},
  author = {Ramadan, Banda and Christen, Peter and Liang, Huizhi and Gayler, Ross},
  date = {2015-10-01},
  journaltitle = {The ACM Journal of Data and Information Quality (JDIQ)},
  shortjournal = {The ACM Journal of Data and Information Quality (JDIQ)},
  volume = {6},
  doi = {10.1145/2816821},
  abstract = {Real-time Entity Resolution (ER) is the process of matching query records in subsecond time with records in a database that represent the same real-world entity. Indexing techniques are generally used to efficiently extract a set of candidate records from the database that are similar to a query record, and that are to be compared with the query record in more detail. The sorted neighborhood indexing method, which sorts a database and compares records within a sliding window, has been successfully used for ER of large static databases. However, because it is based on static sorted arrays and is designed for batch ER that resolves all records in a database rather than resolving those relating to a single query record, this technique is not suitable for real-time ER on dynamic databases that are constantly updated. We propose a tree-based technique that facilitates dynamic indexing based on the sorted neighborhood method, which can be used for real-time ER, and investigate both static and adaptive window approaches. We propose an approach to reduce query matching times by precalculating the similarities between attribute values stored in neighboring tree nodes. We also propose a multitree solution where different sorting keys are used to reduce the effects of errors and variations in attribute values on matching quality by building several distinct index trees. We experimentally evaluate our proposed techniques on large real datasets, as well as on synthetic data with different data quality characteristics. Our results show that as the index grows, no appreciable increase occurs in both record insertion and query times, and that using multiple trees gives noticeable improvements on matching quality with only a small increase in query time. Compared to earlier indexing techniques for real-time ER, our approach achieves significantly reduced indexing and query matching times while maintaining high matching accuracy.},
  file = {C\:\\Users\\jvbob\\Zotero\\storage\\72WJIVUN\\Ramadan et al. - 2015 - Dynamic Sorted Neighborhood Indexing Technique for.pdf}
}
% == BibLateX quality report for ramadanDynamicSortedNeighborhood2015a:
% ? Title looks like it was stored in title-case in Zotero
% ? unused Library catalog ("ResearchGate")

@online{RandomForest2022,
  title = {Random Forest},
  date = {2022-08-30T17:51:27Z},
  url = {https://en.wikipedia.org/w/index.php?title=Random_forest&oldid=1107566819},
  urldate = {2022-09-05},
  langid = {english},
  organization = {{Wikipedia}},
  keywords = {Tech},
  annotation = {Page Version ID: 1107566819}
}

@online{RegroupementHierarchique2022,
  title = {Regroupement hiérarchique},
  date = {2022-08-05T08:21:49Z},
  url = {https://fr.wikipedia.org/w/index.php?title=Regroupement_hi%C3%A9rarchique&oldid=195865980},
  urldate = {2022-09-05},
  abstract = {Dans le domaine de l'analyse et de la classification automatique de données, la notion de regroupement hiérarchique recouvre différentes méthodes de partitionnement de données ou clustering, et se catégorise en deux grandes familles : les méthodes « ascendantes » et les méthodes « descendantes ».},
  langid = {french},
  organization = {{Wikipédia}},
  keywords = {Tech},
  annotation = {Page Version ID: 195865980},
  file = {C\:\\Users\\jvbob\\Zotero\\storage\\7ZV6MM8I\\Regroupement_hiérarchique.html}
}

@online{rg-25.050mfileid:45835SelectedRecordsVarious,
  title = {Selected Records from Various Archives of {{Romania}} Concerning {{Roma}}},
  author = {{RG-25.050M (File ID: 45835)}},
  url = {https://www.ushmm.org/online/hsv/source_view.php?SourceId=45835},
  urldate = {2022-09-10},
  langid = {english},
  organization = {{United States Holocaust Memorial Museum}},
  keywords = {Contexte,USHMM},
  file = {C\:\\Users\\jvbob\\Zotero\\storage\\AXY58HKV\\source_view.html}
}
% == BibLateX quality report for rg-25.050mfileid:45835SelectedRecordsVarious:
% Exactly one of 'date' / 'year' must be present

@online{rg-25.050mfileid:45869SelectedRecordsVarious,
  title = {Selected Records from Various Archives of {{Romania}} Concerning {{Roma}}},
  author = {{RG-25.050M (File ID: 45869)}},
  url = {https://www.ushmm.org/online/hsv/source_view.php?SourceId=45869},
  urldate = {2022-09-10},
  langid = {english},
  organization = {{United States Holocaust Memorial Museum}},
  keywords = {Contexte,USHMM},
  file = {C\:\\Users\\jvbob\\Zotero\\storage\\4H8K29U5\\source_view.html}
}
% == BibLateX quality report for rg-25.050mfileid:45869SelectedRecordsVarious:
% Exactly one of 'date' / 'year' must be present

@online{rg-25.050mfileid:45931SelectedRecordsVarious,
  title = {Selected Records from Various Archives of {{Romania}} Concerning {{Roma}}},
  author = {{RG-25.050M (File ID: 45931)}},
  url = {https://www.ushmm.org/online/hsv/source_view.php?SourceId=45931},
  urldate = {2022-09-07},
  langid = {english},
  organization = {{United States Holocaust Memorial Museum}},
  keywords = {Contexte,USHMM},
  file = {C\:\\Users\\jvbob\\Zotero\\storage\\LJSKQHJF\\source_view.html}
}
% == BibLateX quality report for rg-25.050mfileid:45931SelectedRecordsVarious:
% Exactly one of 'date' / 'year' must be present

@online{rg-25.050mfileid:45964SelectedRecordsVarious,
  title = {Selected Records from Various Archives of {{Romania}} Concerning {{Roma}}},
  author = {{RG-25.050M (File ID: 45964)}},
  url = {https://www.ushmm.org/online/hsv/source_view.php?SourceId=45964},
  urldate = {2022-09-08},
  langid = {english},
  organization = {{United States Holocaust Memorial Museum}},
  keywords = {Contexte,USHMM},
  file = {C\:\\Users\\jvbob\\Zotero\\storage\\NSLCYR7P\\source_view.html}
}
% == BibLateX quality report for rg-25.050mfileid:45964SelectedRecordsVarious:
% Exactly one of 'date' / 'year' must be present

@online{rg-25.050mfileid:46036SelectedRecordsVarious,
  title = {Selected Records from Various Archives of {{Romania}} Concerning {{Roma}}},
  author = {{RG-25.050M (File ID: 46036)}},
  url = {https://www.ushmm.org/online/hsv/source_view.php?SourceId=46036},
  urldate = {2022-09-08},
  langid = {english},
  organization = {{United States Holocaust Memorial Museum}},
  keywords = {Contexte,USHMM},
  file = {C\:\\Users\\jvbob\\Zotero\\storage\\K9MGNJ6Z\\source_view.html}
}
% == BibLateX quality report for rg-25.050mfileid:46036SelectedRecordsVarious:
% Exactly one of 'date' / 'year' must be present

@online{rg-25.050mfileid:46415SelectedRecordsVarious,
  title = {Selected Records from Various Archives of {{Romania}} Concerning {{Roma}}},
  author = {{RG-25.050M (File ID: 46415)}},
  url = {https://www.ushmm.org/online/hsv/source_view.php?SourceId=46415},
  urldate = {2022-09-08},
  langid = {english},
  organization = {{United States Holocaust Memorial Museum}},
  keywords = {Contexte,USHMM},
  file = {C\:\\Users\\jvbob\\Zotero\\storage\\54EXXJCI\\source_view.html}
}
% == BibLateX quality report for rg-25.050mfileid:46415SelectedRecordsVarious:
% Exactly one of 'date' / 'year' must be present

@online{rg-25.050mfileid:46521SelectedRecordsVarious,
  title = {Selected Records from Various Archives of {{Romania}} Concerning {{Roma}}},
  author = {{RG-25.050M (File ID: 46521)}},
  url = {https://www.ushmm.org/online/hsv/source_view.php?SourceId=46521},
  urldate = {2022-09-08},
  langid = {english},
  organization = {{United States Holocaust Memorial Museum}},
  keywords = {Contexte,USHMM},
  file = {C\:\\Users\\jvbob\\Zotero\\storage\\P9DDU64E\\source_view.html}
}
% == BibLateX quality report for rg-25.050mfileid:46521SelectedRecordsVarious:
% Exactly one of 'date' / 'year' must be present

@online{rg-25.050mSelectedRecordsVarious,
  title = {Selected Records from Various Archives of {{Romania}} Concerning {{Roma}}},
  author = {RG-25.050M},
  url = {https://collections.ushmm.org/search/catalog/irn36431},
  urldate = {2022-08-16},
  keywords = {Contexte,USHMM},
  note = {United States Holocaust Memorial Museum Archives, Washington, DC.},
  file = {C\:\\Users\\jvbob\\Zotero\\storage\\V5PHNMHS\\irn36431.html}
}
% == BibLateX quality report for rg-25.050mSelectedRecordsVarious:
% Exactly one of 'date' / 'year' must be present

@online{Romania,
  title = {Romania},
  url = {https://encyclopedia.ushmm.org/content/en/article/romania},
  urldate = {2022-08-17},
  langid = {english},
  keywords = {Contexte},
  file = {C\:\\Users\\jvbob\\Zotero\\storage\\B9M7R7NM\\romania.html}
}
% == BibLateX quality report for Romania:
% Exactly one of 'date' / 'year' must be present

@online{Romania1942,
  title = {Romania, 1942},
  url = {https://encyclopedia.ushmm.org/content/en/map/romania-1942},
  urldate = {2022-08-19},
  langid = {english},
  note = {United States Holocaust Memorial Museum Archives, Washington, DC.},
  file = {C\:\\Users\\jvbob\\Zotero\\storage\\GCYL7GSS\\romania-1942.html}
}
% == BibLateX quality report for Romania1942:
% Exactly one of 'date' / 'year' must be present
% ? Title looks like it was stored in title-case in Zotero

@online{ropeladderRecordLinkageResources2022,
  title = {Record {{Linkage Resources}}},
  author = {{ropeladder}},
  date = {2022-08-24T13:51:25Z},
  origdate = {2017-11-04T15:01:26Z},
  url = {https://github.com/ropeladder/record-linkage-resources},
  urldate = {2022-09-06},
  abstract = {Resources for tackling record linkage / deduplication / data matching problems},
  keywords = {Tech}
}
% == BibLateX quality report for ropeladderRecordLinkageResources2022:
% ? Title looks like it was stored in title-case in Zotero

@article{rugglesHistoricalCensusRecord2018,
  title = {Historical {{Census Record Linkage}}},
  author = {Ruggles, Steven and Fitch, Catherine and Roberts, Evan},
  date = {2018-07},
  journaltitle = {Annual review of sociology},
  shortjournal = {Annu Rev Sociol},
  volume = {44},
  eprint = {30369709},
  eprinttype = {pmid},
  pages = {19--37},
  issn = {0360-0572},
  doi = {10.1146/annurev-soc-073117-041447},
  url = {https://www.ncbi.nlm.nih.gov/pmc/articles/PMC6200350/},
  urldate = {2022-09-05},
  pmcid = {PMC6200350},
  file = {C\:\\Users\\jvbob\\Zotero\\storage\\5XTUHKTD\\Ruggles et al. - 2018 - Historical Census Record Linkage.pdf}
}
% == BibLateX quality report for rugglesHistoricalCensusRecord2018:
% Unexpected field 'pmcid'
% ? Title looks like it was stored in title-case in Zotero
% ? unused Library catalog ("PubMed Central")

@article{sadinleGeneralizedFellegiSunter2013,
  title = {A {{Generalized Fellegi}}–{{Sunter Framework}} for {{Multiple Record Linkage With Application}} to {{Homicide Record Systems}}},
  author = {Sadinle, Mauricio and Fienberg, Stephen E.},
  date = {2013},
  journaltitle = {Journal of the American Statistical Association},
  volume = {108},
  number = {502},
  eprint = {24246450},
  eprinttype = {jstor},
  pages = {385--397},
  publisher = {{[American Statistical Association, Taylor \& Francis, Ltd.]}},
  issn = {0162-1459}
}
% == BibLateX quality report for sadinleGeneralizedFellegiSunter2013:
% Unexpected field 'publisher'
% ? Title looks like it was stored in title-case in Zotero

@book{sanduHistoireRoumanie2008,
  title = {Histoire de la Roumanie},
  author = {Sandu, Traian},
  date = {2008},
  publisher = {{Perrin}},
  location = {{Paris}},
  isbn = {978-2-262-02432-1},
  langid = {fre},
  keywords = {Contexte,Roumanie}
}
% == BibLateX quality report for sanduHistoireRoumanie2008:
% ? unused Call number ("949.8")
% ? unused Library catalog ("BnF ISBN")

@article{sanduRoumanieVictoirePyrrhus2015,
  title = {La Roumanie, une victoire à la Pyrrhus},
  author = {Sandu, Traian},
  date = {2015},
  journaltitle = {Les cahiers Irice},
  shortjournal = {Les cahiers Irice},
  volume = {13},
  number = {1},
  pages = {155--170},
  publisher = {{IRICE}},
  location = {{Paris}},
  issn = {2118-0067},
  doi = {10.3917/lci.013.0155},
  url = {https://www.cairn.info/revue-les-cahiers-irice-2015-1-page-155.htm},
  urldate = {2022-08-23},
  langid = {french},
  keywords = {Contexte},
  file = {C\:\\Users\\jvbob\\Zotero\\storage\\UVNS33JW\\Sandu - 2015 - La Roumanie, une victoire à la Pyrrhus.pdf;C\:\\Users\\jvbob\\Zotero\\storage\\UZTFBISH\\revue-les-cahiers-irice-2015-1-page-155.html}
}
% == BibLateX quality report for sanduRoumanieVictoirePyrrhus2015:
% Unexpected field 'publisher'
% Unexpected field 'location'
% ? unused Library catalog ("Cairn.info")

@article{sayersProbabilisticRecordLinkage2016,
  title = {Probabilistic Record Linkage},
  author = {Sayers, Adrian and Ben-Shlomo, Yoav and Blom, Ashley W and Steele, Fiona},
  date = {2016-06-01},
  journaltitle = {International Journal of Epidemiology},
  shortjournal = {International Journal of Epidemiology},
  volume = {45},
  number = {3},
  pages = {954--964},
  issn = {0300-5771},
  doi = {10.1093/ije/dyv322},
  url = {https://doi.org/10.1093/ije/dyv322},
  urldate = {2022-09-05},
  file = {C\:\\Users\\jvbob\\Zotero\\storage\\8MNZS7AV\\Sayers et al. - 2016 - Probabilistic record linkage.pdf}
}
% == BibLateX quality report for sayersProbabilisticRecordLinkage2016:
% ? unused Library catalog ("Silverchair")

@online{SensitivitySpecificity2022,
  title = {Sensitivity and Specificity},
  date = {2022-08-22T18:22:54Z},
  url = {https://en.wikipedia.org/w/index.php?title=Sensitivity_and_specificity&oldid=1105990559},
  urldate = {2022-09-05},
  langid = {english},
  organization = {{Wikipedia}},
  keywords = {Tech},
  annotation = {Page Version ID: 1105990559},
  file = {C\:\\Users\\jvbob\\Zotero\\storage\\4ARDTQWD\\Sensitivity_and_specificity.html}
}

@article{shortRecordLinkageRoad2016,
  title = {Record Linkage for Road Traffic Injuries in {{Ireland}} Using Police Hospital and Injury Claims Data},
  author = {Short, Jack and Caulfield, Brian},
  date = {2016-09-01},
  journaltitle = {Journal of Safety Research},
  shortjournal = {Journal of Safety Research},
  volume = {58},
  pages = {1--14},
  issn = {0022-4375},
  doi = {10.1016/j.jsr.2016.05.002},
  url = {https://www.sciencedirect.com/science/article/pii/S0022437516300184},
  urldate = {2022-09-05},
  langid = {english},
  keywords = {Accident records,Data linkage,Road safety},
  file = {C\:\\Users\\jvbob\\Zotero\\storage\\9BQDLZBZ\\Short et Caulfield - 2016 - Record linkage for road traffic injuries in Irelan.pdf;C\:\\Users\\jvbob\\Zotero\\storage\\LAEJ2RAU\\S0022437516300184.html}
}
% == BibLateX quality report for shortRecordLinkageRoad2016:
% ? unused Library catalog ("ScienceDirect")

@article{sirbuGospodarOuDeporte2016,
  title = {Gospodar ou déporté~: la catégorisation comme instrument de la déportation des Tsiganes en Transnistrie},
  shorttitle = {Gospodar ou déporté},
  author = {Sîrbu, Tatiana},
  date = {2016},
  journaltitle = {Études Tsiganes},
  shortjournal = {Études Tsiganes},
  volume = {56--57},
  number = {1-2},
  pages = {90--103},
  publisher = {{FNASAT}},
  location = {{Paris}},
  issn = {0014-2247},
  doi = {10.3917/tsig.056.0090},
  url = {https://www.cairn.info/revue-etudes-tsiganes-2016-1-2-page-90.htm},
  urldate = {2022-08-17},
  abstract = {Les persécutions des Roms en Europe centrale et orientale au cours de la Seconde Guerre mondiale sont connues mais jusqu’ici, peu documentées. D’importants travaux ont été réalisés au cours des cinquante dernières années. Mais ce qui reste à faire est énorme. Si les sources écrites existent, nombre de situations passées sous silence, oubliées ou négligemment énoncées dans les archives doivent encore faire l’objet d’investigations poussées. Or, celles-ci dépendent pour beaucoup de témoins directs qui disparaissent peu à peu. C’est dans ce contexte que l’organisation Yahad-In Unum et l’association tsigane Dignité Roms ont entrepris un travail d’investigation auprès des Roms qui vécurent la tragédie du génocide entre 1941 et 1944, en Europe de l’Est. Le dossier publié ici est le fruit d’une coopération entre ces organisations et la revue Études tsiganes. Il offre d’abord un éclairage historique et juridique sur la politique menée par les nazis à l’encontre des Roms, propose ensuite diverses contributions sur la déportation par les autorités roumaines des Roms roumains vers la Transnistrie et un éventail d’investigations plus localisées sur les massacres perpétrés par les Einsatzgruppen et d'autres unités en Russie, en Ukraine, en Biélorussie, dans les pays Baltes et en Pologne.},
  langid = {french},
  keywords = {Contexte},
  file = {C\:\\Users\\jvbob\\Zotero\\storage\\QMLKY9FS\\revue-etudes-tsiganes-2016-1-page-90.html}
}
% == BibLateX quality report for sirbuGospodarOuDeporte2016:
% Unexpected field 'publisher'
% Unexpected field 'location'
% ? unused Library catalog ("Cairn.info")

@article{smithDataLinkageAustralia2021,
  title = {Data {{Linkage}} in {{Australia}}: {{The First}} 50 {{Years}}},
  shorttitle = {Data {{Linkage}} in {{Australia}}},
  author = {Smith, Merran and Flack, Felicity},
  date = {2021-10-28},
  journaltitle = {International Journal of Environmental Research and Public Health},
  shortjournal = {Int J Environ Res Public Health},
  volume = {18},
  number = {21},
  eprint = {34769852},
  eprinttype = {pmid},
  pages = {11339},
  issn = {1661-7827},
  doi = {10.3390/ijerph182111339},
  url = {https://www.ncbi.nlm.nih.gov/pmc/articles/PMC8583508/},
  urldate = {2022-09-05},
  abstract = {Population-based data linkage has a long history in Australia from its beginnings in Western Australia in the 1970s to the coordinated national data linkage infrastructure that exists today. This article describes the journey from an idea to a national data linkage network which has impacts on the health and well-being of Australians from preventing developmental anomalies to responding to the COVID-19 pandemic. Many enthusiastic and dedicated people have contributed to Australia’s data linkage capability over the last 50 years. They have managed to overcome a number of challenges including gaining stakeholder and community support; navigating complex legal and ethical environments; establishing cross-jurisdictional collaborations, and gaining ongoing financial support. The future is bright for linked data in Australia as the infrastructure built over the last 50 years provides a firm foundation for further expansion and development, ensuring that Australia’s linked health and human services data continues to be available to address the evolving challenges of the next half century.},
  pmcid = {PMC8583508},
  file = {C\:\\Users\\jvbob\\Zotero\\storage\\6UIVSH8Z\\Smith et Flack - 2021 - Data Linkage in Australia The First 50 Years.pdf}
}
% == BibLateX quality report for smithDataLinkageAustralia2021:
% Unexpected field 'pmcid'
% ? Title looks like it was stored in title-case in Zotero
% ? unused Library catalog ("PubMed Central")

@online{SmithWatermanAlgorithm2022,
  title = {Smith–{{Waterman}} Algorithm},
  date = {2022-07-10T20:19:36Z},
  url = {https://en.wikipedia.org/w/index.php?title=Smith%E2%80%93Waterman_algorithm&oldid=1097451242},
  urldate = {2022-08-31},
  langid = {english},
  organization = {{Wikipedia}},
  keywords = {Tech},
  annotation = {Page Version ID: 1097451242},
  file = {C\:\\Users\\jvbob\\Zotero\\storage\\EI5CZ2SV\\Smith–Waterman_algorithm.html}
}

@article{soulisGypsiesByzantineEmpire1961,
  title = {The {{Gypsies}} in the {{Byzantine Empire}} and the {{Balkans}} in the {{Late Middle Ages}}},
  author = {Soulis, George C.},
  date = {1961},
  journaltitle = {Dumbarton Oaks Papers},
  volume = {15},
  eprint = {1291178},
  eprinttype = {jstor},
  pages = {141--165},
  publisher = {{Dumbarton Oaks, Trustees for Harvard University}},
  issn = {0070-7546},
  doi = {10.2307/1291178},
  keywords = {Contexte}
}
% == BibLateX quality report for soulisGypsiesByzantineEmpire1961:
% Unexpected field 'publisher'
% ? Title looks like it was stored in title-case in Zotero

@online{Soundex2022,
  title = {Soundex},
  date = {2022-06-24T20:21:37Z},
  url = {https://www.familysearch.org/en/wiki/Soundex},
  urldate = {2022-08-30},
  abstract = {The Russell Soundex (a.k.a. American Soundex, and Miracode) and its usefulness to genealogists are explained, some online Soundex converters listed, and rules given for how to manually create a Soundex code.},
  langid = {english},
  organization = {{FamilySearch Wiki}},
  keywords = {Tech},
  file = {C\:\\Users\\jvbob\\Zotero\\storage\\5FL2739Y\\Soundex.html}
}

@inproceedings{taiRecordLinkageMatching2018,
  title = {Record {{Linkage}} and {{Matching Problems}} in {{Forensics}}},
  booktitle = {2018 {{IEEE International Conference}} on {{Data Mining Workshops}} ({{ICDMW}})},
  author = {Tai, Xiao Hui},
  date = {2018-11},
  pages = {510--517},
  issn = {2375-9259},
  doi = {10.1109/ICDMW.2018.00081},
  abstract = {In forensics, evidence such as DNA, fingerprints, bullets and cartridge cases, shoeprints or digital evidence is often compared, to infer if they come from the same or different sources. This helps to generate leads through database searches, where information from different investigations can be combined, if pieces of evidence are judged to have come from the same source. For specific pairs of comparisons, such as whether a particular cartridge case comes from a suspect's gun, an inference of a match can also be used as testimony in courts. We demonstrate how such matching problems fit into the record linkage framework commonly used in statistics and computer science, illustrating this using examples from DNA and firearms identification. We propose some ways that record linkage can inform forensic matching. Finally, we develop methodology to match accounts on anonymous marketplaces. In forensic matching, the stakes are high and the consequences of false arrests or wrongful convictions are severe. The field would benefit from a more principled way of developing matching methods.},
  eventtitle = {2018 {{IEEE International Conference}} on {{Data Mining Workshops}} ({{ICDMW}})},
  keywords = {Couplings,Databases,DNA,Feature extraction,forensic matching,Forensics,Pins,record linkage,Standards,unstructured data},
  file = {C\:\\Users\\jvbob\\Zotero\\storage\\W95T7M35\\Tai - 2018 - Record Linkage and Matching Problems in Forensics.pdf;C\:\\Users\\jvbob\\Zotero\\storage\\YN4XBEGZ\\8637441.html}
}
% == BibLateX quality report for taiRecordLinkageMatching2018:
% Unexpected field 'issn'
% ? Unsure about the formatting of the booktitle
% ? Title looks like it was stored in title-case in Zotero
% ? unused Library catalog ("IEEE Xplore")

@online{TFIDF2022,
  title = {TF-IDF},
  date = {2022-01-05T15:40:45Z},
  url = {https://fr.wikipedia.org/w/index.php?title=TF-IDF&oldid=189586794},
  urldate = {2022-08-31},
  langid = {french},
  organization = {{Wikipédia}},
  keywords = {Tech},
  annotation = {Page Version ID: 189586794},
  file = {C\:\\Users\\jvbob\\Zotero\\storage\\IIRFQENY\\TF-IDF.html}
}

@article{thorneAssimilationInvisibilityEugenic2011,
  title = {Assimilation, Invisibility, and the Eugenic Turn in the “{{Gypsy}} Question” in {{Romanian}} Society, 1938–1942},
  author = {Thorne, M. Benjamin},
  date = {2011},
  journaltitle = {Romani Studies},
  volume = {21},
  number = {2},
  pages = {177--205},
  publisher = {{Liverpool University Press}},
  issn = {1757-2274},
  url = {https://muse.jhu.edu/article/456342},
  urldate = {2022-08-18},
  abstract = {The gradual assimilation of Roma since their emancipation in the 1850s had, by the interwar period, prompted the emergence of the Gypsy Question, a wide-ranging debate on whether and how Roma should be assimilated, in which all strata of Romanian society participated, including the Roma themselves. By 1938, eugenicists dominated the debate over the Gypsy Question, declaring them “the greatest racial threat to Romania” and advocating their sterilization or complete removal from society. Typhus outbreaks in 1940 (prior to Antonescu’s installment as head of state) provided the first opportunity to begin the separation of Roma. Arguing that nomads posed a danger to national health, gendarmes and health officials collaborated in placing them in labor camps located within Romania. As a strong indicator of the degree to which eugenic discourse penetrated into the public sphere, we also find Romanian civilians adopting the trope of Roma as a health threat to push local authorities to take action against them. The occupation of Transnistria in 1941 paved the way for Antonescu and his cabinet to order the deportations.},
  keywords = {Contexte}
}
% == BibLateX quality report for thorneAssimilationInvisibilityEugenic2011:
% Unexpected field 'publisher'
% ? unused Library catalog ("Project MUSE")

@article{urtizbereaMyologyEthnicMinorities2015,
  title = {[{{Myology}} and Ethnic Minorities: All Roads Lead to the {{Roma}}]},
  shorttitle = {[{{Myology}} and Ethnic Minorities},
  author = {Urtizberea, J. Andoni and Lochmuller, Hanns and Tournev, Ivailo},
  date = {2015-11-07},
  journaltitle = {Medecine sciences : M/S},
  shortjournal = {Medecine sciences : M/S},
  volume = {31 Spe 3},
  pages = {34--38},
  doi = {10.1051/medsci/201531s310},
  keywords = {Contexte},
  file = {C\:\\Users\\jvbob\\Zotero\\storage\\CZHZESVG\\Urtizberea et al. - 2015 - [Myology and ethnic minorities all roads lead to .pdf}
}
% == BibLateX quality report for urtizbereaMyologyEthnicMinorities2015:
% ? unused Library catalog ("ResearchGate")

@article{wangEntityMatchingHow2011,
  title = {Entity Matching: How Similar Is Similar},
  shorttitle = {Entity Matching},
  author = {Wang, Jiannan and Li, Guoliang and Yu, Jeffrey Xu and Feng, Jianhua},
  date = {2011-07-01},
  journaltitle = {Proceedings of the VLDB Endowment},
  shortjournal = {Proc. VLDB Endow.},
  volume = {4},
  number = {10},
  pages = {622--633},
  issn = {2150-8097},
  doi = {10.14778/2021017.2021020},
  url = {https://doi.org/10.14778/2021017.2021020},
  urldate = {2022-09-04}
}
% == BibLateX quality report for wangEntityMatchingHow2011:
% ? unused Library catalog ("July 2011")

@article{wedekindMATHEMATIZATIONHUMANBEING2010,
  title = {{{THE MATHEMATIZATION OF THE HUMAN BEING}}: {{ANTHROPOLOGY AND ETHNO-POLITICS IN ROMANIA DURING THE LATE}} 1930s {{AND EARLY}} 1940s},
  shorttitle = {{{THE MATHEMATIZATION OF THE HUMAN BEING}}},
  author = {Wedekind, Michael},
  date = {2010},
  journaltitle = {New Zealand Slavonic Journal},
  volume = {44},
  eprint = {41759355},
  eprinttype = {jstor},
  pages = {27--67},
  publisher = {{Australia and New Zealand Slavists’ Association}},
  issn = {0028-8683},
  keywords = {Contexte},
  file = {C\:\\Users\\jvbob\\Zotero\\storage\\YNZ97FBF\\Wedekind - 2010 - THE MATHEMATIZATION OF THE HUMAN BEING ANTHROPOLO.pdf}
}
% == BibLateX quality report for wedekindMATHEMATIZATIONHUMANBEING2010:
% Unexpected field 'publisher'
% ? Title looks like it was stored in title-case in Zotero

@article{winklerUsingEMAlgorithm2002,
  title = {Using the {{EM Algorithm}} for {{Weight Computation}} in the {{Fellegi-Sunter Model}} of {{Record Linkage}}},
  author = {Winkler, William and Gov, William},
  date = {2002-01-18},
  journaltitle = {Journal of the American Statistical Association},
  shortjournal = {Journal of the American Statistical Association},
  file = {C\:\\Users\\jvbob\\Zotero\\storage\\TIQSUDW9\\Winkler et Gov - 2002 - Using the EM Algorithm for Weight Computation in t.pdf}
}
% == BibLateX quality report for winklerUsingEMAlgorithm2002:
% ? Title looks like it was stored in title-case in Zotero
% ? unused Library catalog ("ResearchGate")

@article{woodcockRomanianRomaniResistance2007,
  title = {Romanian {{Romani Resistance}} to {{Genocide}} in the {{Matrix}} of the '{{Ţigan}}' {{Other}}},
  author = {Woodcock, Shannon},
  date = {2007},
  journaltitle = {Anthropology of East Europe Review},
  volume = {25},
  number = {2},
  pages = {28--43},
  issn = {2153-2931},
  url = {https://scholarworks.iu.edu/journals/index.php/aeer/article/view/404},
  urldate = {2022-08-18},
  issue = {2},
  langid = {english},
  keywords = {Contexte},
  file = {C\:\\Users\\jvbob\\Zotero\\storage\\GWPXLHTU\\Woodcock - 2007 - Romanian Romani Resistance to Genocide in the Matr.pdf}
}
% == BibLateX quality report for woodcockRomanianRomaniResistance2007:
% ? Title looks like it was stored in title-case in Zotero
% ? unused Library catalog ("scholarworks.iu.edu")

@article{zahariaViePolitiqueRoumanie1985,
  title = {La Vie Politique En {{Roumanie}} (1940-1944)},
  author = {Zaharia, Gheorghe},
  date = {1985},
  journaltitle = {Revue d'histoire de la Deuxième Guerre mondiale et des conflits contemporains},
  volume = {35},
  number = {140},
  eprint = {25729301},
  eprinttype = {jstor},
  pages = {53--68},
  publisher = {{Presses Universitaires de France}},
  issn = {0755-1584},
  keywords = {Contexte}
}
% == BibLateX quality report for zahariaViePolitiqueRoumanie1985:
% Unexpected field 'publisher'


